3560 5544
768 592 988 677 ‚nw-

404 752 531 845 χριστόν
558 752 631 857 ton,
651 747 751 828 αλλ’νὶ
771 756 872 851 τέρψις
888 754 1018 852 βραχεῖα
1033 747 1181 839 καὶαῦτις
1207 765 1265 824 τῶν
1292 754 1403 826 αὐτέων

404 864 460 936 δέει
474 865 499 934 ¹.
525 892 542 937 t>

446 990 533 1058 Illud
550 996 664 1060 autem
681 1011 804 1062 verum
832 996 995 1081 estquod
1013 1000 1182 1064 oeternum
1202 999 1236 1063 et
1250 996 1403 1064 sibimet·

403 1107 470 1194 ipsi
492 1112 657 1176 constans
674 1111 737 1179 sub
767 1128 932 1180 sensuum
957 1113 1054 1179 varia
1072 1112 1188 1198 specie
1205 1113 1287 1180 latet
1298 1130 1308 1195 ;
1334 1113 1402 1180 hoc

403 1242 538 1311 qnoque
551 1242 723 1293 summum
736 1227 864 1295 honum
878 1228 943 1295 erit
954 1229 1078 1315 quoda
1095 1247 1259 1295 sensuum
1273 1248 1400 1314 perpe-

401 1344 460 1407 tuo
474 1340 579 1408 tinctu
609 1342 890 1425 remotissimum,
918 1344 955 1411 in
972 1362 1011 1411 se
1035 1344 1206 1429 quoddam
1221 1344 1400 1413 immotum

400 1456 564 1537 continet,
583 1449 704 1541 εὐθυμία
718 1460 860 1540 scilicet,
885 1459 940 1527 vel
964 1455 1108 1544 αθαρθιθο,
1133 1460 1189 1529 vel
1213 1456 1397 1544 ἁθανμαοιά,

400 1572 455 1639 vel
471 1569 629 1664 ἀταραξία,
649 1577 705 1644 vel
721 1569 824 1637 εὐεστὼ
837 1574 862 1657 ⁹,
870 1575 905 1643 id
917 1581 971 1644 est
981 1577 1049 1645 alta
1058 1577 1167 1662 quies,
1177 1582 1211 1644 et
1224 1579 1346 1645 firmus
1359 1596 1400 1645 ao

401 1687 533 1756 stabilis
552 1691 657 1757 animi
678 1694 800 1760 status.
814 1693 983 1769 Quoniam
1008 1696 1124 1759 nutem
1143 1710 1279 1773 sensus,
1292 1693 1400 1760 variis

373 1862 377 1870 .
400 1804 538 1872 casibus
548 1806 702 1894 obnoxii,
720 1822 791 1874 non
809 1808 922 1891 magis
946 1826 1118 1875 summum
1142 1807 1271 1874 bonum
1297 1826 1400 1893 quam

399 1936 520 1985 verum
535 1920 683 2004 gignere
713 1921 841 2003 valent,
869 1924 926 1991 ubi
957 1924 1048 1991 hanc
1073 1917 1210 2007 εὐθυμίαν
1241 1923 1399 1991 invenire

397 2032 538 2102 licebitt
554 2038 810 2106 Meminerimus
831 2044 980 2108 mentem
1008 2059 1085 2109 esse
1110 2036 1269 2129 otzmtpmv
1292 2032 1399 2123 δαίμο-

343 2236 349 2245 ,
398 2170 445 2218 νος
458 2138 494 2228 ³3
513 2165 616 2232 quam
631 2147 739 2231 igitur
754 2146 951 2214 felicitatem
975 2148 1057 2214 dare
1074 2165 1145 2215 non
1160 2152 1307 2232 possunt
1334 2167 1395 2215 ne·

398 2251 463 2351 que
478 2281 620 2349 greges,
629 2282 741 2350 neque
753 2282 877 2330 aurum
890 2281 1001 2347 neque
1010 2280 1150 2349 corpus
1161 2264 1219 2330 itta
1235 2264 1397 2350 suppedi-

398 2390 494 2457 tabit.
515 2414 528 2442 ι
544 2386 672 2478 Ἄριστον
683 2383 828 2477 ἀνθρώπῳ
844 2382 892 2448 τὸν
907 2381 971 2470 βίον
985 2379 1107 2473 διαίρειν,
1125 2382 1164 2457 ὡς
1178 2385 1298 2449 πλεῖστα
1313 2381 1396 2450 εὐθν-

398 2502 518 2587 μιιθέντι
531 2499 582 2564 καὶ
598 2498 741 2589 ἐλάχιστα
754 2498 909 2569 α’νιιοθέντι·
930 2502 1014 2566 τοῦτο
1034 2496 1053 2565 δ
1066 2491 1112 2565 ’ἂν
1129 2500 1184 2581 εἴη,
1204 2501 1284 2575 εἴτις
1297 2503 1336 2587 μὴ
1351 2498 1396 2566 ἐπὶ

396 2619 470 2682 τοῖσι
489 2616 613 2686 θνητοῖσι
632 2616 684 2692 τοὶς
696 2612 801 2692 νῖδονάς
816 2617 938 2684 ποιέοιτο
952 2618 978 2689 ⁴.
1000 2623 1171 2688 »AEterna
1183 2625 1298 2687 autem
1315 2624 1396 2687 sunt

397 2737 501 2805 atomi
515 2741 549 2804 et
565 2755 712 2804 vacnum
725 2755 736 2819 ;
755 2737 812 2821 qui
827 2736 948 2820 igitur,
970 2735 1107 2804 omissis
1122 2753 1285 2803 sensnum
1299 2735 1396 2802 falsis

396 2855 606 2938 imaginibus
616 2859 650 2923 et
663 2855 908 2941 voluptatibus,
925 2854 1173 2921 elementorum
1187 2855 1256 2920 tine
1271 2871 1396 2920 caren-

396 2973 481 3040 tium
496 2976 622 3045 motus,
644 2973 774 3039 formes
788 2977 823 3039 et
837 2971 1105 3058 compositiones
1129 2970 1393 3056 contemplator,

395 3088 439 3167 is,
455 3088 571 3154 nonin
589 3087 767 3171 perituris,
786 3087 900 3155 sedin
922 3086 1063 3153 oeternis
1076 3086 1180 3153 rebus
1199 3085 1395 3153 felicitatem

396 3203 523 3290 posuit,
535 3202 750 3287 caducasque
764 3186 957 3286 voluptates
979 3217 1159 3286 spernens,
1185 3204 1220 3266 et
1234 3200 1269 3265 in
1287 3218 1325 3267 se
1337 3202 1395 3287 ip·

396 3338 473 3388 snm
485 3318 732 3402 cogitationem
741 3322 893 3397 vertens,
912 3317 1078 3402 optimum
1091 3317 1172 3383 vitae
1189 3333 1328 3384 cursum
1340 3323 1394 3384 te-

395 3439 468 3515 net,
480 3440 694 3503 etsummum
711 3436 841 3502 bonum
857 3439 1064 3501 consecutus
1079 3438 1143 3500 est.
1158 3470 1203 3483 -
1219 3435 1281 3513 Ita,
1301 3434 1343 3516 si,
1357 3439 1396 3502 ut

396 3548 664 3626 voluntsensus‚
679 3547 838 3633 voluptas
848 3545 921 3614 sola
936 3565 996 3631 per
1006 3565 1044 3613 se
1054 3546 1245 3631 expetenda
1257 3549 1322 3626 est,
1336 3564 1396 3613 ne·

397 3667 458 3746 gat
474 3663 563 3732 ratio
580 3681 753 3731 summum
764 3664 893 3732 bonnm
905 3664 942 3731 in
952 3663 1133 3731 sensilibus
1147 3663 1395 3730 rehusconsis-

431 3944 439 3976 ¹
457 3949 546 4010 Snon..
560 3949 641 4012 For„
655 3966 728 4011 xvn1,
742 3957 776 4003 to.

430 4034 442 4068 ¹
460 4034 768 4106 Dion.Lnnnn..1x‚tt.
785 4040 868 4096 Cnnu.
893 4044 976 4096 Annx.
999 4041 1087 4096 Strom·
1111 4049 1153 4104 115
1169 4038 1236 4104 Cic,
1258 4045 1286 4094 do
1299 4040 1395 4100 noio.,·

395 4146 419 4181 v.
435 4127 546 4191 Suum,
560 4131 589 4181 de
607 4125 733 4197 Tronqm't.

431 4217 443 4250 ⁸
461 4217 549 4280 sios,
565 4219 619 4273 not.
632 4221 689 4281 ott„
703 4236 731 4282 n,
747 4227 771 4274 1.

430 4304 440 4339 ⁸
459 4308 549 4374 ὅποι,
564 4307 633 4362 Flor.
646 4325 673 4362 τ.
687 4314 722 4361 m.
