3560 5544
684 672 732 768 ¹-
752 719 851 780 17-

283 852 465 950 Δημωιρὲτου
477 852 612 943 pretini,
638 849 811 933 Abdemtsn
834 849 963 936 scripta
992 866 1054 936 per
1074 849 1274 935 tetrnlcgias

284 967 476 1054 digesserat
489 968 514 1036 ¹.

327 1086 468 1171 Maioris
482 1089 574 1153 esset
588 1084 751 1153 momenti
761 1103 840 1171 quse
853 1103 937 1154 vere
950 1085 1078 1154 fuerint
1091 1083 1275 1152 Democriti
1309 1100 1316 1111 ’

287 1215 390 1284 opera
404 1198 607 1284 dijudicare.
630 1198 782 1267 Deillius
797 1199 933 1285 scriptis
950 1198 1019 1267 duo
1033 1202 1169 1266 exstant
1180 1182 1276 1283 pree-

287 1313 387 1400 cipua
397 1314 604 1391 testimonia,
619 1333 684 1382 nec
699 1333 771 1383 non
778 1314 925 1383 invicem
938 1313 1180 1401 repugnantia,
1192 1331 1277 1400 quo·

288 1448 365 1496 rum
378 1428 523 1497 alterum
536 1430 627 1516 apud
641 1430 793 1512 suidam,
815 1430 961 1498 alterum
990 1431 1080 1516 apud
1107 1429 1279 1497 Laertium

287 1541 493 1611 invenitur&
516 1567 532 1605 ι
549 1544 696 1613 Genuiui
712 1546 789 1632 ejus
802 1544 882 1613 libri
896 1545 963 1613 duo
979 1549 1071 1627 sunt,
1087 1543 1277 1625 aitSuidas,

289 1654 396 1747 Μέγας
426 1657 605 1745 Auimusne,
635 1666 671 1730 et
699 1656 774 1751 Περὶ
799 1656 909 1750 φύσεως
941 1659 1093 1744 corpori.»
1125 1659 1281 1728 Laertius

288 1782 421 1859 centra,
438 1777 572 1846 etiamsi
593 1797 664 1847 non
692 1778 786 1847 nulia
806 1779 915 1864 vulgo
947 1778 1141 1846 Democrito
1155 1777 1282 1845 tributa

289 1891 424 1973 omittit,
453 1897 571 1980 utpote
613 1893 737 1980 partim
765 1898 942 1981 corrupta,
973 1893 1098 1981 partim
1128 1892 1282 1961 omnium

290 2025 460 2076 consensu
475 2007 575 2094 plane
590 2008 715 2091 aliena
733 2010 917 2094 sexaginta
932 2014 1048 2078 tamen
1068 2009 1159 2077 illius
1180 2025 1285 2094 opera

290 2125 470 2200 memorat,
489 2124 567 2190 octo
584 2121 713 2190 scilicet
726 2122 769 2190 de
785 2124 921 2205 ethicis,
941 2122 1066 2207 viginti
1084 2121 1126 2189 de
1141 2125 1286 2189 natura-

291 2236 394 2320 libus,
409 2236 569 2305 undecim
597 2236 639 2304 de
668 2238 930 2319 mathematicis,
962 2242 1039 2306 octo
1059 2237 1102 2303 de
1131 2234 1287 2316 musicis,

293 2359 417 2423 caetera
433 2354 474 2420 de
490 2372 529 2422 re
546 2354 688 2436 rustica,
705 2355 748 2424 <te
764 2353 946 2433 medicina,
957 2356 992 2420 et
1004 2353 1045 2419 de
1060 2350 1167 2421 variis
1176 2367 1289 2436 quaes·

293 2467 455 2541 tionibus.

337 2553 449 2661 Quum
462 2586 554 2651 certe
584 2601 695 2669 neque
725 2583 771 2651 ad
793 2581 931 2664 Laeuii,
969 2600 1082 2668 neque
1111 2580 1155 2647 ad
1174 2578 1289 2649 Suidae

294 2703 431 2767 entem
445 2697 561 2765 omnia
577 2698 796 2784 pervenerint
813 2696 996 2765 Democriti
1011 2710 1130 2785 opera,
1144 2700 1178 2765 et
1191 2700 1287 2765 uter·

295 2831 361 2900 que
373 2832 437 2901 per
454 2831 491 2881 se
508 2811 621 2882 solum
643 2830 786 2900 parvam
813 2812 916 2881 fidem
938 2831 1012 2899 prae
1037 2830 1075 2881 se
1093 2813 1193 2894 ferat,
1211 2830 1289 2899 per·

296 2928 433 2996 difficile
449 2931 502 2995 est
516 2927 706 3013 dijudicare
729 2922 1081 3013 cujus‘testimonium
1105 2928 1149 2995 sit
1177 2926 1290 3015 potius

296 3042 546 3129 accipiendum.
561 3043 693 3111 Placuit
714 3043 822 3127 igitur
836 3043 1004 3127 indagare
1026 3043 1085 3129 qui
1117 3047 1287 3122 auctores,

297 3166 368 3230 tum
382 3160 604 3243 vetustiores,
620 3164 691 3228 tum
710 3161 934 3242 recentiores
953 3161 996 3228 de
1007 3161 1191 3229 Democriti
1205 3179 1292 3247 ope·

296 3278 393 3346 ribus
409 3276 620 3345 mentionem
632 3277 787 3345 fecerint.
809 3277 932 3346 Libros
947 3277 995 3345 illi
1014 3278 1057 3346 ab
1079 3277 1121 3345 iis
1145 3276 1290 3345 tributos

296 3390 344 3460 ibi
363 3409 579 3469 enumerare,
612 3392 763 3460 sontibus
791 3390 994 3460 nominatim
1023 3391 1195 3473 indicatis,
1220 3408 1290 3462 non

297 3507 445 3577 tortasse
460 3526 755 3595 supervacaneum
767 3507 950 3576 videbitur.

298 3617 302 3624 ’
341 3625 374 3690 1ο
397 3618 505 3711 Μέγας
521 3620 704 3694 Aeduorum·
741 3626 817 3692 -A
832 3624 987 3708 Diogene
1000 3622 1147 3707 Laertie,
1164 3640 1216 3706 rx,
1233 3625 1289 3707 46,

297 3738 458 3811 laudatur
471 3744 510 3809 ut
526 3740 626 3809 facile
639 3740 774 3809 caeteris
787 3739 971 3808 Democriti
990 3739 1127 3826 scriptis
1142 3741 1291 3826 praecet-

298 3856 392 3933 tens;
403 3856 498 3923 hunc
514 3853 648 3938 Suidas,
656 3852 790 3935 loccit,
801 3852 992 3937 genuinum
1000 3851 1151 3920 declarat
1167 3866 1175 3917 :
1190 3871 1291 3938 quem

298 3974 470 4041 memorat
497 3989 634 4058 quoque
669 3970 938 4052 Atheniensis,
968 3968 1023 4051 19,
1045 3970 1083 4035 ut
1102 3966 1290 4052 legitimum

299 4084 486 4157 Democriti
503 4090 653 4175 partum.
665 4085 718 4154 Ad
728 4084 863 4154 initium
872 4084 978 4170 hujus
991 4082 1105 4170 operis
1120 4084 1292 4170 respicere

333 4350 341 4388 i
356 4360 435 4415 Dm.
450 4358 561 4424 hanc,
576 4375 613 4423 ιι,
628 4366 663 4423 u,
677 4365 713 4411 es.

332 4445 442 4511 'Surum
451 4464 476 4500 e.
488 4450 564 4514 Arrun
578 4449 657 4502 Dies·
668 4448 775 4506 cmv..
784 4462 822 4510 11,
830 4453 867 4507 m,
880 4452 918 4498 ts.
