3560 5544
720 749 878 813 ..pp-

288 885 415 951 nerunt
428 882 620 970 Leucippus
637 888 673 953 et
680 884 895 955 Democritus
910 884 934 954 ¹.
949 887 1018 955 Per
1033 888 1286 975 benediccipti·

289 1011 370 1063 nam
384 1013 502 1080 graeca
517 998 737 1084 supientiaad
751 999 976 1084 sophisticam
989 1002 1171 1087 pervenire
1185 1003 1288 1072 <lebe-

288 1109 366 1193 bat3
396 1116 627 1180 necesseerat
650 1117 688 1182 ut
710 1115 903 1184 contrarias
931 1116 1107 1186 doctrinas
1136 1119 1227 1186 inter
1248 1137 1286 1191 ss

289 1229 448 1313 componi
484 1233 519 1296 et
542 1229 718 1298 conciliari
748 1234 949 1312 tentaretur,
977 1237 1161 1319 antequam
1187 1253 1285 1305 mens

289 1343 452 1425 humana,
485 1363 590 1430 quum
622 1350 693 1414 tam
716 1347 951 1432 discrepantes
979 1349 1156 1418 doctrinas
1185 1350 1284 1419 fasti·

288 1461 400 1541 dicns,
418 1464 490 1528 tum
506 1480 568 1548 sps
590 1462 776 1546 magnifica
794 1463 948 1550 depulsa,
974 1464 1017 1532 de
1037 1465 1112 1533 veri
1141 1465 1286 1549 indaga·

288 1575 380 1644 done
396 1577 592 1646 desistendo
608 1578 813 1675 quiesceret.

329 1693 982 1779 Atomornmrepertoribusanteomnia
991 1694 1283 1781 duplexpropcsi·

287 1809 1283 1897 temerat:nempeprimoadversusphysicosprobandnm,

286 1921 350 1989 etsi
364 1940 435 1990 non
446 1923 533 1989 nihil
548 1926 665 1991 essent
676 1941 733 1992 res
742 1925 953 2010 corporales,
962 1931 1155 1995 tamennon
1169 1925 1286 1993 sensi·-

285 2037 479 2107 busverum
498 2045 591 2108 recte
604 2040 755 2121 definiri,
770 2059 857 2126 quos
871 2041 979 2124 igitur
988 2059 1060 2108 non
1073 2040 1175 2108 unice
1188 2039 1285 2125 sequi

285 2149 463 2219 deberetis
476 2151 534 2237 qui
557 2151 767 2219 velitrerum
781 2169 937 2237 quaerere
951 2150 1139 2237 principia,
1158 2150 1284 2217 deinde

284 2267 450 2336 adversus
465 2269 612 2350 Eleates,
644 2268 708 2337 etsi
721 2287 792 2337 non
806 2268 1041 2336 infitiarentur
1053 2266 1195 2334 omnino
1205 2284 1285 2352 queo

284 2381 534 2454 illirationibus
562 2386 782 2465 invenerant,
806 2382 1114 2451 demonstrandum
1134 2381 1283 2450 existere

284 2498 544 2584 multitudinem,
579 2506 724 2583 motum,
749 2500 1008 2584 generationem
1033 2502 1068 2567 et
1091 2494 1283 2584 corruptio·

283 2631 373 2681 nem.
385 2615 450 2696 Ita,
465 2620 688 2702 utrorumque
711 2614 826 2683 nimiis
840 2613 1026 2683 confutatis
1048 2611 1280 2698 opinionibus,

283 2730 441 2799 sensibus
455 2731 559 2799 simul
574 2737 610 2798 et
625 2730 751 2799 rationi
763 2748 895 2799 morem
911 2729 1095 2814 gerebant,
1105 2747 1225 2814 quum,
1245 2730 1283 2794 ut

281 2863 353 2913 non
383 2853 572 2930 negaretur
607 2863 684 2914 esse
705 2845 970 2926 multitudinem,
1000 2844 1049 2912 ita
1081 2845 1124 2910 de
1147 2845 1281 2909 naturae

281 2960 456 3029 elabentis
470 2961 506 3029 id
515 2962 781 3030 confirmaretur
796 2960 888 3045 qnod
905 2959 1040 3027 ratione
1069 2956 1282 3025 declaratum

281 3081 385 3145 auset.
401 3077 543 3145 Constat
560 3077 720 3163 equidem
733 3076 776 3143 ab
791 3076 857 3142 hoc
871 3072 1000 3161 duplici
1010 3071 1189 3159 proposito
1203 3088 1281 3157 por·

280 3191 429 3260 ficiendo
441 3192 614 3279 incepisse
628 3195 822 3260 atomorum
832 3191 1041 3258 inventores.

322 3307 708 3392 Ioniciptanesensnum
715 3305 1172 3390 testimoniumacceperant,
1187 3306 1282 3371 etre-

279 3420 354 3505 ipsa
364 3427 571 3508 putaverant
583 3421 733 3489 existere
746 3419 956 3506 quidquidin
968 3418 1280 3505 corporibusappa·

279 3541 484 3623 reat3quem
492 3556 650 3606 errorem
659 3537 874 3605 Democritus
887 3534 1276 3618 contutatargumentis,

277 3670 356 3734 qnae
373 3659 489 3740 postea
509 3671 531 3720 a
546 3654 691 3721 Platone
708 3656 873 3738 usurpata
901 3654 1011 3718 sunt:
1041 3648 1190 3719 calidum
1211 3650 1277 3717 sci·

275 3767 356 3836 licet
371 3776 406 3837 et
435 3769 616 3854 frigidum,
633 3770 733 3838 dulce
748 3772 784 3836 et
800 3785 968 3849 amarum,
980 3765 1166 3835 candidum
1180 3767 1215 3832 et
1227 3765 1280 3833 ni·

278 3901 393 3968 grum,
412 3903 535 3955 omnes
548 3884 796 3971 demqueintor
810 3902 850 3951 se
873 3881 1066 3953 contrarias
1083 3882 1277 3968 qualitates,

313 4195 419 4257 'Sum
447 4203 529 4266 lin„
556 4205 612 4259 ado.
640 4202 735 4273 lepte,
757 4212 803 4266 ru,
827 4218 854 4270 p.
869 4204 917 4260 til,
945 4198 988 4250 ed.
1008 4193 1106 4250 Patria
1129 4196 1181 4258 Ci..
1210 4191 1278 4249 ree·

278 4307 387 4358 sucu,
416 4295 471 4347 ede.
488 4293 566 4358 Oche,
588 4310 643 4356 vn,
669 4293 746 4347 Suos.
772 4291 827 4345 sc.
849 4292 934 4357 pige,
957 4290 1070 4356 punine
1098 4284 1217 4345 Tuorn
1248 4284 1278 4336 da

281 4380 366 4444 sus,
386 4389 428 4443 tm
443 4384 537 4436 Amne.
559 4385 587 4436 de
608 4381 675 4437 dona.
692 4393 715 4435 et
736 4380 838 4444 Sensit„
852 4395 890 4444 rr,
916 4378 995 4430 Dios.
1011 4376 1162 4441 betam,
1183 4379 1218 4427 tr.
1243 4393 1279 4410 -

279 4470 1010 4539 ctzmmncptttdecrtatnncpuenq.
