3560 5544
695 693 852 757 „53-

266 831 371 909 ceret,
399 829 484 897 nihil
512 829 745 916 perciperetur
772 829 840 897 nisi
868 830 1026 898 rotundae
1046 832 1079 896 et
1094 829 1263 915 spherica

265 945 383 1025 atomi,
400 945 504 1013 idest
522 948 740 1031 quaeanlmas
755 946 910 1031 etignem
922 946 1146 1014 constituunt.
1164 947 1262 1023 Quod

264 1077 347 1126 veru
364 1060 408 1127 ad
425 1059 570 1127 alterum
592 1066 736 1147 spectat,
762 1061 897 1126 infinito
912 1079 1056 1127 numero
1070 1065 1261 1127 atomorum

263 1178 397 1242 constat
412 1176 548 1243 animus
560 1195 636 1262 quae
654 1177 696 1243 ad
714 1177 884 1243 infinitum
901 1175 1072 1243 sexcentis
1085 1175 1195 1243 modis
1209 1175 1263 1243 in·

263 1293 315 1358 ter
327 1308 363 1357 se
373 1292 531 1376 componi
544 1297 690 1378 possunt
696 1309 706 1374 ;
718 1310 852 1376 quaque
861 1310 904 1358 ex
914 1291 1161 1376 compositione
1172 1290 1261 1357 alius

262 1407 300 1473 tlt
316 1424 454 1486 sensus,
471 1407 528 1492 qui
547 1426 588 1473 eo
608 1426 685 1474 cum
700 1407 821 1473 ordine
838 1405 952 1473 cisitu
970 1410 1160 1473 atomorum
1178 1424 1259 1472 eva·

261 1523 382 1591 nescit.
401 1524 448 1602 Si,
467 1530 504 1589 nt
525 1522 625 1608 plane
651 1524 832 1590 confirmat
864 1521 1090 1602 Democritus,
1122 1539 1257 1599 sensus,

260 1638 446 1723 quamvisa
463 1638 563 1705 nobis
580 1639 720 1723 propria
745 1638 857 1704 forma
884 1634 1104 1718 inducantur,
1128 1637 1178 1703 rei
1208 1642 1259 1703 ta·

259 1773 337 1822 men
355 1755 490 1822 cuidam
518 1774 613 1822 verae
644 1759 679 1823 et
707 1761 861 1823 externae
884 1756 1117 1841 respondent3
1134 1772 1258 1821 sensus

258 1870 382 1950 omnis,
398 1870 433 1936 id
449 1875 504 1938 est
530 1871 733 1956 compositio
760 1889 904 1956 quaeque
928 1870 1032 1937 animi
1050 1874 1256 1949 atomorum,

258 2000 396 2050 cansam
415 1987 595 2050 externam
610 1984 727 2050 habet.
749 1982 849 2050 Nullo
867 1987 981 2049 autem
1000 1983 1102 2049 modo
1120 1983 1156 2049 in
1175 2001 1258 2051 cor-

257 2116 321 2183 pus
336 2098 510 2184 quodlibet
525 2099 591 2166 alio
616 2117 761 2185 corpore
776 2098 905 2181 agitur,
922 2097 989 2163 nisi
1010 2116 1073 2183 per
1089 2097 1256 2164 offensio·

257 2232 335 2279 nem
350 2214 513 2296 etictum,
529 2216 621 2282 unde
638 2216 676 2280 tit
691 2219 815 2281 motus.
835 2217 883 2283 Eo
897 2214 1004 2295 igitur
1018 2232 1161 2281 munere
1180 2214 1256 2279 iun·

257 2329 351 2412 gitur
365 2329 503 2413 imago;
520 2330 625 2398 animi
651 2334 785 2397 atomos
808 2330 886 2409 ciet,
905 2329 1049 2415 illasque
1066 2330 1102 2396 in
1130 2348 1171 2396 eo
1198 2347 1253 2395 or·

256 2443 335 2511 dine
351 2443 496 2512 collocat
518 2445 575 2529 qui
590 2445 703 2530 ipsum
730 2443 883 2530 percepti
917 2443 1073 2528 corporis
1099 2442 1256 2509 ordinem

255 2560 436 2645 exprimat.
448 2562 546 2627 Nunc
561 2562 788 2646 quaerendum
798 2564 852 2627 est
868 2562 983 2626 utrum
1002 2559 1184 2643 interjecto
1198 2558 1254 2625 in·

255 2675 398 2742 tervallo
421 2677 511 2743 effici
533 2678 641 2762 possit
663 2677 741 2744 talis
770 2675 954 2760 impulsae,
972 2692 1017 2740 an
1039 2692 1182 2741 necesse
1207 2674 1253 2740 sit

255 2791 431 2876 proximus
443 2793 501 2860 liat
516 2796 707 2860 contactus
719 2796 770 2859 lta
782 2793 898 2872 imago
911 2807 994 2856 vere
1005 2808 1131 2875 corpus
1142 2809 1160 2855 a
1170 2808 1252 2858 cor-

254 2925 337 2992 pore
359 2907 522 2974 emissum
545 2912 636 2975 esset
667 2908 758 2992 quod
791 2905 1037 2991 perciperetur,
1056 2908 1090 2972 et
1101 2905 1136 2970 id
1162 2906 1253 2991 quod

253 3023 396 3110 percipit
405 3024 579 3107 tangendo
602 3024 785 3091 excitaret.

296 3141 379 3206 Eam
401 3158 482 3207 vero
511 3141 707 3226 opinionem
722 3138 946 3226 reJioiendam
964 3156 1042 3205 esse
1057 3157 1249 3206 censemus.

253 3257 295 3322 Ut
308 3256 401 3322 euim
429 3257 545 3339 imago
562 3257 715 3323 animum
743 3255 865 3323 codem
891 3254 992 3321 modo
1013 3260 1251 3340 moveretque

252 3372 416 3439 movisset
434 3390 561 3458 corpus
579 3391 679 3458 aquo
695 3372 783 3452 fluit,
814 3371 906 3439 illius
925 3370 1080 3456 corporis
1107 3372 1252 3443 imitatio

250 3486 435 3554 indiscreta
455 3487 676 3554 similitudine
690 3504 767 3554 esse
785 3486 942 3561 deberet;
963 3485 1078 3571 itaque
1093 3487 1252 3555 eumdem

251 3602 393 3670 haberet
407 3606 600 3670 atomorum
610 3621 807 3683 numerum,
826 3619 946 3687 eaeque
963 3601 1117 3685 ejusdem
1130 3602 1252 3671 turmae

250 3722 283 3786 et
299 3719 470 3786 incudem
496 3723 613 3787 essent
637 3718 778 3801 ordine;
809 3718 948 3785 minime
973 3721 1086 3784 autem
1106 3715 1252 3801 intelligi

249 3839 360 3921 potest
377 3837 547 3920 quomodo
576 3852 704 3921 corpus
726 3833 821 3901 omni
850 3838 1002 3919 tempore
1026 3829 1252 3933 (Democritus

250 3952 341 4018 enim
361 3956 563 4038 perpetuum
581 3971 658 4020 esse
674 3970 816 4019 cursum
839 3949 1030 4033 imaginum
1051 3949 1252 4037 arbitratur)

251 4066 337 4135 tales
354 4068 406 4135 sui
425 4068 560 4152 effigies
571 4069 752 4136 emitteret.

295 4183 416 4251 Nonne
426 4189 547 4252 contra
560 4185 693 4253 admitti
708 4187 819 4270 potest
828 4183 1095 4264 emanationem,
1107 4181 1217 4267 qualis
1232 4201 1253 4249 a

250 4302 443 4369 Democrito
470 4309 671 4390 usurpatur,
699 4308 832 4372 motum
858 4319 936 4371 esse
952 4301 1011 4386 qui
1028 4319 1047 4368 a
1063 4318 1101 4368 ro
1132 4301 1166 4367 in
1182 4302 1254 4370 ani·
