3560 5544
883 745 1022 809 ..8.-

456 881 615 967 draginta
641 883 754 965 annis,
769 882 997 970 Poenumque
1026 884 1121 952 illum
1135 883 1355 955 Diccosmcot
1369 906 1389 955 a
1404 905 1441 956 se

456 997 649 1066 absolutum
680 998 787 1067 luisse
816 999 1122 1084 septingentesimo
1151 988 1325 1069 tricesimo
1352 1020 1443 1070 anno

456 1115 534 1200 post
545 1112 659 1198 Tiojae
675 1111 856 1179 excidium.
868 1112 964 1190 Quod
975 1112 1034 1181 sie
1048 1113 1163 1199 multis
1177 1114 1348 1201 variisque
1357 1120 1451 1183 vete·

457 1247 534 1297 rum
548 1228 591 1296 de
602 1230 714 1314 Trojae
740 1247 872 1296 eversae
894 1247 984 1296 anno
1013 1230 1192 1297 sententiis
1206 1230 1292 1297 nihil
1307 1231 1448 1316 planum

457 1346 583 1430 pateat,
599 1344 758 1411 nevimus
774 1343 908 1425 saltem,
927 1345 1060 1423 Laertio
1082 1350 1233 1426 auctore,
1264 1347 1448 1430 Anaxago·

459 1479 533 1527 ram
571 1460 694 1545 viginti
720 1479 829 1529 annos
867 1464 985 1528 natum
1013 1462 1132 1543 tuisse,
1171 1482 1274 1548 quum
1314 1465 1448 1531 Xerxes

459 1575 627 1644 Graeciam
641 1576 779 1657 invasit,
795 1576 829 1643 id
844 1581 897 1644 est
910 1577 1021 1661 primo
1039 1576 1249 1664 Olympiadis
1268 1582 1451 1664 septuage-

460 1691 556 1758 simae
570 1690 697 1775 quintae
712 1710 802 1759 anno
819 1690 842 1758 ¹.
860 1692 910 1759 Ex
923 1691 988 1763 hoc
1004 1691 1111 1775 igitur
1143 1695 1316 1760 constaret
1329 1694 1450 1760 Demo·

455 1807 585 1875 critum
600 1808 709 1893 primo
722 1809 932 1896 Olympiadis
957 1810 1178 1893 octogesimae
1209 1828 1299 1878 anno
1323 1813 1451 1879 natum.

462 1923 560 1990 Haud
576 1921 676 1989 aliam
692 1923 1060 1993 hahueruntrationem
1075 1925 1342 2012 Apollodoruset
1355 1927 1451 1994 Aris·

463 2038 584 2107 toteles
598 2040 684 2126 ipse,
697 2059 801 2126 quum
816 2040 873 2108 ille
887 2041 1116 2109 Democritum
1131 2040 1331 2127 Olympiade
1354 2046 1456 2109 octo-

464 2155 596 2239 gesima
612 2159 713 2241 partu
743 2156 884 2234 editum,
915 2155 971 2223 hic
1001 2174 1084 2223 vero
1115 2159 1192 2241 post
1210 2157 1455 2240 Anaxagoram

464 2269 605 2348 vixisse,
623 2273 681 2338 aut
695 2270 816 2338 saltem
829 2269 1106 2356 philosophatum
1123 2288 1200 2338 esse
1219 2268 1454 2356 scripserint&

465 2379 567 2476 Quod
580 2385 715 2472 quidem
727 2405 796 2453 non
811 2384 1004 2452 intitiantur
1020 2389 1054 2451 et
1070 2384 1239 2452 Diodorus
1252 2384 1384 2453 Siculus
1400 2385 1457 2469 qui

467 2506 573 2573 refert
587 2522 665 2570 eum
696 2520 786 2568 anno
816 2499 1158 2583 quadringentesimo
1187 2502 1320 2591 quarto,
1345 2498 1458 2566 aetatis

468 2623 580 2686 autem
596 2635 668 2684 suae
683 2614 909 2709 nonagesimo
920 2633 938 2681 e
951 2615 1020 2681 vita
1031 2613 1222 2682 excessisse
1234 2611 1261 2695 ³,
1276 2617 1310 2682 et
1319 2614 1458 2697 Gellius,

468 2735 525 2820 qui
552 2732 718 2818 aequalem
741 2749 820 2798 eum
857 2729 1071 2816 Hippocratis
1098 2729 1220 2797 medici
1245 2733 1279 2796 et
1311 2721 1489 2797 Socratis·

469 2846 677 2935 philosophi,
693 2845 752 2912 illo
762 2850 876 2912 tamen
893 2848 976 2911 natu
994 2846 1160 2930 majorem
1174 2842 1290 2925 facit⁴,
1299 2848 1334 2912 et
1349 2845 1461 2912 Thra-

470 2956 589 3050 syllus,
606 2962 662 3047 qui
677 2965 844 3028 memorat
867 2978 944 3027 eum
959 2959 1097 3027 Socrate
1114 2979 1206 3027 anno
1216 2978 1284 3027 uno
1297 2961 1463 3045 majorem

363 3062 366 3067 ¹
470 3079 576 3146 tuisse
591 3076 616 3144 ὅ.
637 3079 747 3154 Quum
772 3075 879 3159 igitur
896 3094 966 3142 non
989 3075 1098 3161 possit
1110 3094 1154 3142 ex
1178 3075 1233 3142 his
1260 3078 1354 3141 certo
1381 3076 1462 3141 detl-

471 3193 537 3259 nini
550 3191 731 3259 Democriti
749 3191 863 3257 natale
878 3195 1027 3275 tempus,
1051 3190 1150 3258 nobis
1183 3190 1266 3258 satis
1293 3189 1336 3258 sit
1359 3208 1463 3258 nosse

472 3326 551 3376 eum
565 3307 656 3374 circa
671 3307 760 3372 hanc
777 3309 914 3372 aetatem
941 3305 1081 3386 vixisse,
1103 3324 1180 3390 quae
1207 3305 1464 3388 Anaxagoram,

472 3424 692 3503 Archelaum,
708 3420 959 3501 Parmenidem,
977 3423 1160 3502 Zenonem,
1180 3423 1409 3503 Protagoram
1432 3422 1466 3486 et

475 3545 649 3611 Socratem
663 3539 802 3628 protulit
818 3536 847 3605 θ.

512 3767 520 3800 ¹
540 3771 617 3822 Droo.
633 3771 744 3831 Lessa..
760 3786 788 3828 11,
805 3777 830 3821 7.

511 3853 523 3889 ²
542 3858 670 3926 Apollod.,
686 3875 726 3925 ap.
739 3859 818 3910 Droe.
841 3858 950 3918 Lassa,
966 3875 1000 3920 rx,
1015 3865 1037 3910 11
1053 3859 1184 3919 ;An1sr.,
1201 3856 1313 3917 Mittor„
1329 3871 1358 3920 n,
1375 3864 1397 3908 1.

511 3943 520 3977 ⁸
540 3950 617 4001 Dion.
634 3947 732 4010 Sioua,
748 3952 844 4009 xxv,tt,
859 3949 909 4009 ed..
925 3947 1049 4015 Eyringii.

512 4036 523 4069 ⁴
543 4039 643 4098 Gens„
657 4036 828 4100 Noct.11ttic.,
845 4054 908 4097 xvu,
924 4043 960 4097 at,
979 4037 1019 4087 ed.
1036 4034 1163 4087 Gronorii.

513 4122 525 4154 ⁸
543 4127 672 4194 Thrasyl,
689 4144 729 4194 ap.
746 4127 824 4178 Duce.
841 4127 952 4186 Lause,
965 4140 1001 4186 xx,
1013 4130 1049 4174 11.

513 4210 581 4267 ⁶De
603 4217 702 4268 minoris
720 4215 833 4282 ponderis
857 4222 983 4265 auctorum
1005 4214 1151 4264 testimoniis
1178 4212 1243 4280 loqui
1273 4211 1467 4278 supersedemus,

478 4305 569 4356 AEliani
583 4304 682 4365 scilicet,
699 4305 741 4372 qui
755 4319 810 4353 eum
821 4302 990 4354 Alexandrum
1003 4302 1098 4360 risisse,
1114 4302 1140 4352 in
1157 4299 1225 4352 Har.
1248 4299 1316 4360 Vae,
1332 4298 1374 4350 lib.
1391 4314 1424 4360 ιν,
1433 4302 1472 4358 21,

477 4393 539 4444 falso
553 4400 675 4452 memoret,
692 4400 715 4442 et
727 4390 837 4451 Eusebli,
852 4394 893 4458 qui
914 4391 979 4442 hunc
998 4391 1179 4458 septuagesima
1193 4382 1341 4457 Olympiade
1361 4387 1473 4440 floruisse

477 4489 567 4533 namet.
