3560 5544
786 850 945 912 ...61-

359 984 495 1066 tere‚ad
509 988 622 1071 majus
644 986 771 1073 aliquid
782 990 817 1055 at
829 986 943 1071 magis
953 986 1152 1056 diuturnum
1165 987 1270 1072 erigit
1281 988 1355 1056 ani·

359 1120 467 1183 mum,
487 1119 632 1188 eumque
650 1103 750 1187 jubet
766 1120 836 1170 non
863 1119 1023 1189 corpore,
1038 1120 1109 1171 non
1122 1104 1246 1189 opibus
1266 1121 1355 1188 gau·

359 1215 454 1297 dere,
470 1218 530 1284 sed
545 1214 683 1312 ὀρθοσύνῃ
702 1213 752 1278 καὶ
768 1213 965 1308 πολυφροσύνῃ
985 1216 1009 1286 ¹.

403 1332 491 1399 VIII.
510 1334 559 1401 Ea
573 1351 707 1402 summa
728 1338 781 1402 cst
803 1333 988 1402 Democriti
1007 1333 1174 1415 doctriua,
1193 1352 1272 1420 quaa
1285 1352 1356 1402 non

358 1445 406 1513 ita
420 1447 561 1533 pinguis
573 1455 607 1517 et
619 1468 738 1519 crassa
751 1450 851 1518 uobis
862 1468 939 1518 csse
951 1449 1098 1518 videtur.
1114 1449 1240 1518 sicum
1255 1454 1357 1519 caets·

358 1559 408 1628 ris
434 1579 511 1631 eam
537 1566 790 1652 componimus,
823 1568 982 1633 auctores
1006 1565 1096 1650 eius,
1120 1563 1177 1632 vel
1211 1564 1356 1633 forsitan

358 1673 473 1757 inscii,
490 1677 605 1748 ioedus
625 1681 871 1749 etsociotatam
890 1682 1046 1765 jungere·
1062 1682 1283 1747 tentaverunt
1304 1680 1358 1747 in·

359 1796 412 1859 tor
433 1794 615 1877 Eleaticos,
643 1815 664 1862 a
686 1799 811 1884 quibus
835 1797 993 1865 notitiam
1012 1799 1047 1864 et
1067 1795 1295 1882 proprietates
1309 1797 1360 1857 τοῦ

359 1902 431 1969 aba
453 1917 689 1998 sumpserunt,
705 1918 739 1979 ct
756 1913 905 1991 Ionicos,
922 1910 1077 1998 aquibus
1096 1913 1153 1971 τῶν
1171 1907 1261 1971 ὄντων
1275 1911 1356 1997 plu-

360 2023 528 2093 ralitatem
539 2031 746 2112 acceperunt
752 2043 763 2109 ;
775 2026 955 2094 sinautem
964 2026 1075 2111 ipsam
1085 2025 1356 2106 consideramus,

359 2140 536 2210 rationalis
557 2143 702 2230 physica
725 2160 801 2209 esso
821 2141 1006 2221 videbitur,
1024 2158 1114 2227 quaa,
1135 2142 1210 2225 jam
1228 2138 1356 2226 saepius

358 2256 514 2340 repetita,
527 2275 598 2324 non
614 2256 720 2325 sumai
735 2257 847 2324 adhuc
860 2255 1011 2323 sortasse
1024 2259 1208 2342 repetetur,
1232 2254 1357 2341 quippe

358 2388 449 2454 quaa,
464 2372 622 2457 quamvis
644 2390 665 2440 a
687 2371 794 2440 multa
807 2377 905 2458 parto
928 2370 1075 2450 deficiat,
1095 2369 1224 2456 aliquid
1238 2373 1354 2436 tamen
1425 2367 1429 2374 '

360 2485 395 2552 in
411 2486 584 2555 schabest
597 2506 718 2555 varum
732 2490 768 2553 et
783 2492 964 2555 aetcrnum.

398 2704 411 2736 ⁸
431 2708 564 2762 &necros
580 2708 690 2769 Ounno„
710 2710 740 2759 u⁰
752 2714 778 2759 o.
790 2732 826 2743 -
847 2707 913 2758 Vere
925 2706 1060 2759 Democriti
1074 2722 1130 2758 esse
1151 2723 1206 2775 quse
1224 2707 1362 2775 fugurent·

360 2800 498 2851 Damocreti
510 2799 657 2850 Holstenius
669 2797 886 2862 attribuis,sseenses
897 2796 975 2851 Orsll.
988 2817 995 2848 ι
1010 2814 1019 2837 ¹
1033 2797 1116 2864 Ipsius
1129 2796 1270 2865 philosophi
1283 2796 1363 2848 ebde-

359 2892 412 2941 rite
422 2889 558 2957 fragments
571 2904 626 2939 esse
639 2896 734 2939 tuntum
744 2904 793 2938 non
806 2890 896 2946 omnis,
906 2888 1065 2953 qoenomine
1075 2886 1228 2937 Democutis
1241 2888 1360 2956 inscripta

361 2978 477 3046 leguntur
497 2980 523 3028 in
544 2976 726 3029 collectionibus
747 2976 872 3026 Holstenii
884 2983 909 3026 et
929 2973 1012 3038 Geloi,
1026 2990 1097 3025 nomo
1108 2973 1179 3025 lecile
1197 2974 1290 3026 infitias
1303 2973 1359 3033 ibit,

362 3070 473 3136 quisquis
485 3070 620 3120 sententies
632 3067 706 3118 hasce
716 3068 814 3134 penitus
825 3065 1024 3117 consideraverit.
1035 3101 1042 3114 .
1053 3096 1078 3114 ..
1091 3064 1160 3129 Quid
1171 3064 1236 3131 quod
1251 3063 1364 3116 Stobous

362 3160 447 3209 etiem
458 3193 466 3208 .
477 3189 485 3206 .
495 3195 502 3207 .
513 3158 626 3208 omnibus
639 3157 772 3208 Democriti
785 3171 874 3207 nomeu
887 3154 1012 3221 edcripsit,
1029 3154 1089 3204 adeo
1101 3162 1129 3203 ut
1141 3168 1200 3203 vero
1213 3152 1362 3204 simillimum

363 3248 397 3298 sit
404 3245 558 3298 Democretis
575 3261 664 3298 nomeu
676 3246 741 3314 quod
755 3261 830 3312 quum
844 3242 907 3296 cos.
923 3241 1003 3295 MSS.
1018 3242 1157 3311 proterunt,
1172 3248 1227 3292 tum
1240 3242 1365 3293 Antonius

362 3344 388 3386 et
400 3335 525 3387 Maximus
538 3338 622 3395 ciunt,
644 3335 685 3385 vol
703 3350 791 3386 nomen
805 3333 882 3385 luisse
908 3331 1056 3387 collectoris.
1082 3346 1131 3382 nou
1149 3331 1254 3382 euctoris
1278 3329 1366 3381 hur-un

362 3428 548 3486 munsterum.
560 3425 600 3477 vel
613 3432 753 3492 corruptum
765 3439 822 3475 esse
831 3438 862 3473 ex
874 3423 971 3473 nomine
981 3421 1123 3473 Democriti.
1135 3437 1144 3460 ·
1157 3436 1183 3488 p.
1197 3433 1256 3479 vm,
1270 3417 1303 3468 Τ.
1318 3433 1337 3470 a

565 3726 614 3771 viat
624 3736 649 3771 ss
657 3723 745 3781 pertesi.

458 3809 549 3855 Lete&
560 3808 697 3861 Parisiorum,
708 3806 730 3852 iu
742 3807 844 3862 sorbonn,

402 3898 422 3934 a
436 3887 458 3935 t.
472 3888 509 3935 tv,
520 3887 552 3933 lh
567 3886 627 3945 spru
641 3896 690 3931 nn
703 3884 902 3939 uhcccmlll,

376 3993 496 4040 hastulis
508 3996 646 4040 titutum
657 3992 679 4036 is
691 3992 803 4039 suomi·
817 3990 931 4036 roomo

602 4054 705 4098 W,

652 4126 751 4172 PthN.
