3560 5544
735 826 888 889 ..45-

362 957 481 1025 Mundi
492 957 561 1025 sint
582 975 728 1026 numero
750 959 875 1029 infiniti
896 978 1041 1028 necesse
1057 961 1156 1046 est¹3
1173 981 1321 1049 quorum

317 1073 414 1158 quasi
437 1073 599 1141 materies
613 1078 666 1142 est
678 1074 863 1144 universus
876 1076 978 1145 turbo
992 1075 1084 1144 unde
1096 1077 1212 1145 omnia
1226 1097 1320 1146 ema·

318 1192 402 1255 nant
418 1186 448 1256 ³.
485 1189 631 1258 Omissis
656 1190 853 1259 autemillis
881 1191 1020 1259 mundis
1049 1210 1136 1278 quos
1169 1193 1319 1262 existere

318 1305 575 1385 confirmamus,
603 1323 690 1391 quos
723 1324 807 1373 vero
831 1324 1019 1394 numquam
1050 1307 1125 1374 fleri
1154 1314 1269 1394 potest
1282 1315 1321 1378 ut

318 1420 528 1499 noverimus,
545 1438 741 1506 quaeramus
754 1422 926 1507 quomodo
943 1423 1001 1490 hio
1015 1425 1135 1491 noster
1150 1423 1320 1493 formatus

319 1535 374 1601 sit.

362 1651 413 1716 Ex
427 1650 693 1718 circumactione
707 1668 774 1735 qua
801 1651 985 1719 trahuntur
1016 1653 1145 1734 omnia,
1172 1654 1321 1722 similea

318 1765 695 1852 dissimilidisjungitur
710 1764 741 1846 ³;
757 1785 836 1850 quae
846 1772 1041 1835 atomorum
1051 1768 1322 1839 interselibran·

316 1883 387 1958 tur,
417 1878 454 1944 in
482 1879 596 1946 medio
625 1883 742 1963 stant3
773 1880 924 1948 leviores
954 1884 1076 1946 contra
1096 1880 1317 1964 gravioribus

321 1993 520 2078 ejiciuntur,
564 2000 599 2062 et
641 1994 735 2062 circa
765 2000 897 2081 partem
924 1995 1072 2062 mediam
1112 1996 1323 2083 solidamque

317 2109 533 2195 expireantur
546 2110 583 2176 iu
606 2109 754 2176 sormam
780 2112 992 2178 membranae
1013 2129 1149 2195 semper
1163 2111 1318 2194 agitatae,

318 2232 420 2311 atque
436 2243 478 2293 eo
495 2226 610 2310 magis
630 2226 743 2292 tenuis
768 2245 835 2311 quo
852 2225 994 2309 longius
1008 2244 1028 2291 a
1044 2232 1164 2292 centro
1178 2226 1282 2292 distat
1293 2226 1318 2293 ⁴.

319 2339 399 2408 Moli
414 2346 529 2407 tamen
544 2341 664 2408 muudi
677 2340 804 2407 additis
821 2359 958 2427 semper
971 2341 1048 2407 aliis
1074 2340 1213 2421 atomis,
1232 2359 1321 2426 qua-

262 2492 266 2497 ·
318 2474 395 2523 rum
408 2456 465 2523 hae
479 2457 514 2521 iu
530 2456 680 2523 medium
693 2463 811 2536 ruunt,
831 2456 898 2524 illae
914 2458 1009 2523 foras
1021 2454 1159 2522 turbine
1174 2456 1320 2523 efferun-

317 2576 385 2652 tur,
397 2590 442 2639 ex
463 2571 505 2638 iis
520 2590 596 2657 quae
611 2572 736 2640 mediae
750 2576 831 2640 sunt
847 2572 1056 2638 informatur
1072 2575 1165 2638 terra
1179 2588 1190 2654 3
1218 2590 1263 2638 ex
1277 2570 1321 2639 iis

316 2705 395 2775 quae
425 2687 518 2755 cirea
542 2688 757 2769 emittuntur,
793 2688 948 2756 nascitur
973 2688 1113 2769 ooelum,
1147 2687 1254 2772 ignis,
1287 2694 1322 2755 et

316 2822 376 2870 aer
391 2801 415 2869 ⁵.
431 2805 591 2871 Attamen
607 2803 734 2871 horum
747 2807 863 2890 partes
876 2804 1035 2890 quaedam
1051 2802 1088 2870 in
1106 2802 1216 2870 moles
1231 2802 1322 2870 den-

316 2920 427 2988 siores
442 2927 641 3004 coguntur:
674 2939 754 3007 quae
787 2922 936 3007 primum
960 2920 1101 3006 liquidae
1125 2925 1208 2988 sunt
1226 2924 1261 2987 et
1269 2919 1322 2988 lu·

317 3041 395 3116 teae,
417 3037 479 3103 sed
499 3055 605 3104 cursu
619 3037 711 3104 aeris
726 3037 851 3117 ductae,
882 3037 1067 3116 siccantur,
1095 3040 1130 3103 et
1146 3038 1320 3121 postremo

316 3149 495 3218 celeritate
509 3156 623 3220 motus
636 3153 894 3220 inflammantur
912 3166 920 3217 ε
939 3152 989 3219 ita
1001 3154 1089 3220 fiunt
1102 3147 1249 3218 sidera⁰.
1267 3152 1323 3217 In·

318 3274 412 3335 terea
426 3276 609 3337 ventorum
623 3270 754 3357 impetu
777 3276 871 3338 terra
885 3271 1010 3340 ablatae
1028 3276 1109 3339 sunt
1122 3275 1240 3356 partes
1259 3270 1323 3337 mi·

318 3384 435 3466 nimae,
465 3405 543 3472 quae
572 3387 607 3453 in
641 3387 710 3454 ima
744 3394 980 3471 concurrunt3
1026 3389 1117 3456 uude
1152 3389 1322 3456 formatur

319 3518 408 3585 aqua
424 3499 450 3568 ⁷.
1007 3556 1020 3573 ι

363 3619 412 3684 ita
428 3618 597 3684 formatus
614 3617 651 3683 iu
672 3616 808 3685 infinito
837 3618 932 3685 inani
951 3618 1025 3686 fluit
1037 3617 1209 3700 muudus3
1226 3622 1320 3684 terra

355 3941 362 3973 ¹
383 3948 484 4007 Aruer,
494 3943 583 4011 Phys..
597 3960 652 4006 rur,
666 3951 695 4007 ¹3
711 3944 781 4007 Cre,
794 3945 882 4007 dead„
898 3962 933 4005 rr.
949 3954 974 3996 17
986 3971 992 4004 ;
1005 3945 1082 3995 Diod.
1105 3943 1215 4001 haar..
1227 3958 1263 4002 ιι,
1284 3950 1321 4002 u,

318 4041 344 4085 tt

353 4117 364 4148 ¹
381 4123 637 4188 Dtoo.Lnrrr,‚1x,
650 4131 684 4176 td.

356 4205 367 4235 ⁸
385 4211 545 4276 Puurrncu„
556 4215 584 4263 de
598 4212 667 4265 Piae.
681 4210 759 4272 Pau„
775 4228 810 4272 iv,
822 4218 857 4262 tt.

357 4296 367 4329 ⁸
387 4302 548 4361 Puerorum..
558 4304 586 4354 de
601 4303 669 4354 Piae.
680 4302 755 4369 piat,
773 4307 840 4362 11,15
856 4326 863 4359 ς
878 4301 967 4361 Suom,
982 4300 1039 4359 aa.
1056 4299 1165 4367 Pieria..
1182 4317 1199 4359 ι,
1212 4307 1249 4354 2⁵.

358 4386 369 4418 ⁸
387 4391 465 4442 Drou.
476 4392 587 4453 Lanam,
597 4408 634 4450 rx.
645 4397 693 4451 ως
710 4391 869 4448 Ριιιτιιιοιι..
882 4391 910 4441 de
925 4388 995 4443 rue.
1004 4390 1085 4455 ow..
1100 4394 1121 4451 t,
1137 4396 1159 4439 t.

359 4473 371 4507 ⁸
392 4480 472 4531 Droo.
487 4480 596 4541 Luam,
610 4497 647 4539 ιι,
661 4485 700 4530 ³³.

358 4564 367 4594 ²
388 4568 548 4629 reorum..
558 4570 617 4623 ibid.
