3560 5544
890 757 1047 820 ..40-

460 889 582 957 iisdem
610 910 688 958 cum
733 892 858 961 litteris
888 894 1008 978 effingi
1032 896 1146 980 potest
1189 895 1245 962 vel
1294 896 1468 989 trugoedia

460 1006 516 1073 vel
537 1007 720 1086 comoedia,
755 1008 802 1075 ita
818 1008 943 1077 atomis
960 1010 1072 1077 forma
1108 1010 1248 1096 quidem
1284 1012 1475 1094 similibus„

462 1124 521 1192 sed
552 1122 619 1190 alio
647 1124 768 1191 ordine
793 1124 995 1210 compositis
1019 1138 1054 1193 et
1090 1126 1267 1193 collocatis
1297 1145 1354 1194 res
1388 1127 1465 1196 aliae

461 1240 571 1307 creari
602 1250 761 1325 possunt.
792 1241 886 1307 Inter
909 1258 947 1307 se
977 1241 1085 1324 igitur
1110 1260 1168 1310 res
1183 1246 1317 1310 tantum
1340 1243 1465 1310 distin-

463 1354 619 1433 guuntur
645 1350 687 1418 ils
721 1370 799 1436 quoe
829 1352 955 1434 metiri,
982 1356 1015 1420 et
1050 1352 1260 1435 intelligere,
1290 1371 1361 1420 non
1381 1371 1464 1419 vero

463 1467 590 1534 sentire
605 1486 810 1554 possumus3
826 1488 904 1555 quae
926 1473 1096 1557 praeterea
1121 1469 1326 1556 corporibus
1351 1469 1465 1536 inesse

461 1582 649 1664 credimus
677 1584 765 1652 nihil
795 1589 876 1653 sunt
904 1586 973 1653 nisi
999 1604 1100 1653 vanae
1132 1585 1279 1671 species.
1297 1585 1464 1652 inlocum

460 1698 569 1781 igitur
586 1699 704 1765 mundi
732 1700 889 1782 colorati,
908 1701 1023 1782 calidi,
1047 1702 1181 1787 frigidi,
1201 1701 1297 1777 sicci,
1318 1701 1465 1784 humidi,

463 1794 519 1882 er.
536 1814 719 1882 contrariis
747 1815 864 1898 efficti,
897 1817 1044 1885 alterum
1071 1816 1287 1884 Democritus
1302 1817 1467 1884 muudum

464 1928 627 2014 supponit
641 1948 743 2015 quem
767 1931 930 1999 metimur
947 1934 982 1999 et
997 1931 1236 2016 intelligimus
1262 1951 1306 1999 ex
1320 1932 1467 1999 elemen-

372 2026 376 2033 ’
442 2048 444 2053 ’
464 2043 508 2111 tis
527 2025 755 2129 compositum
778 2064 857 2131 quoe
881 2046 992 2113 forma
1018 2046 1256 2114 tantummodo
1273 2050 1306 2113 et
1331 2046 1467 2129 magni·

463 2159 581 2227 tudine
593 2160 684 2228 inter
696 2180 733 2228 se
749 2161 923 2243 differunt,
951 2165 985 2229 et
1009 2162 1214 2248 corporibus
1238 2162 1362 2242 quibus
1379 2162 1466 2229 nibil

463 2275 609 2343 interest
623 2277 690 2343 nisi
719 2276 967 2344 elementorum
985 2277 1098 2344 forma
1119 2281 1153 2344 et
1171 2277 1208 2344 in
1226 2277 1336 2362 spatio
1354 2276 1461 2344 locus.

463 2390 577 2476 ltaque
596 2391 687 2458 haud
702 2391 873 2459 immerito
887 2391 1103 2474 Aristoteles,
1127 2391 1170 2459 de
1197 2397 1391 2460 atomorum
1404 2412 1467 2459 re-

465 2506 662 2591 pertoribus
673 2505 831 2590 loquens,
846 2507 960 2574 dicere
967 2507 1078 2592 potuit
1095 2521 1103 2572 :
1123 2504 1250 2596 «τρόπον
1265 2507 1323 2598 γάρ
1338 2526 1401 2569 τινα
1416 2502 1466 2567 καὶ

467 2609 650 2682 οὗτοιπάντα
665 2616 702 2680 τοὶ
713 2618 782 2680 ὄντα
797 2621 924 2682 ποιοῦσιν
935 2616 1076 2712 ἀριθμοὺς
1093 2618 1144 2683 καὶ
1162 2618 1297 2712 ἀριθμῶν
1313 2623 1338 2691 *g
1359 2649 1372 2686 s
1393 2625 1466 2692 Hoc

467 2743 581 2805 tamen
609 2737 952 2806 animadvertendum
975 2743 1042 2820 est,
1070 2744 1109 2807 ut
1136 2741 1291 2808 numeris
1321 2740 1466 2826 exprimi

467 2857 613 2942 possunt
629 2853 768 2922 ordines
799 2856 834 2941 et
849 2855 1119 2938 magnitudines
1150 2856 1197 2923 ita
1231 2860 1345 2923 tamen
1373 2855 1468 2922 hisce

469 2971 596 3058 aliquid
625 2971 716 3038 inest
752 2972 934 3037 extensum
964 2971 1056 3056 quod
1078 2990 1150 3038 non
1171 2990 1287 3039 merus
1303 2987 1468 3038 numerus

464 3091 528 3155 est.

510 3319 569 3384 III.
602 3319 676 3383 lam
706 3334 902 3401 quaeramus
934 3336 1002 3403 quo
1029 3318 1132 3385 modo
1157 3336 1214 3385 res
1231 3321 1419 3386 nascantur
1435 3320 1470 3383 et

466 3436 621 3519 pereant,
635 3437 793 3500 crescant
807 3436 840 3500 et
851 3437 1091 3501 extenuentur.
1106 3433 1241 3501 Scilicet
1255 3436 1350 3500 motu
1362 3435 1469 3501 oeter-

468 3567 594 3616 norum
614 3546 860 3614 elementorum
872 3545 897 3614 ².
917 3548 1133 3616 Parmenidis
1160 3544 1192 3609 τὸ
1207 3543 1279 3610 εἶναι
1294 3567 1402 3615 unum
1416 3551 1470 3614 est

504 3862 512 3893 ¹
531 3866 566 3920 Do
578 3859 639 3919 Col.
656 3880 696 3926 111,
710 3873 732 3916 l.

501 3953 513 3985 ¹
531 3958 631 4016 Aaron..
658 3959 686 4008 dc
697 3954 761 4008 Gon·
792 3953 887 4015 etnim„
903 3973 930 4014 v,
945 3956 1077 4023 8;Plys.,
1092 3971 1190 4015 vrrr,1;
1206 3953 1278 4015 Met,
1293 3968 1339 4017 111,
1350 3960 1379 4014 t;
1401 3951 1469 4012 Cro..

383 4051 389 4059 '
464 4047 492 4097 clo
509 4044 578 4109 Flo,
591 4063 600 4097 1
614 4055 621 4098 :
645 4065 653 4087 ο
667 4046 713 4097 ille
727 4053 821 4096 atomos
834 4061 898 4113 quas
908 4046 1024 4112 appellet.
1037 4045 1063 4095 id
1077 4053 1115 4096 est
1124 4044 1360 4112 eorporaindividuu
1372 4050 1471 4111 proptor

466 4135 623 4190 soliditatem.
638 4142 723 4186 censet
733 4136 760 4185 in
771 4133 865 4185 infinito
884 4135 962 4189 inani.
976 4135 1001 4184 in
1016 4149 1063 4200 quo
1077 4149 1122 4184 neo
1140 4149 1273 4196 summum,
1288 4147 1334 4182 uec
1347 4131 1467 4193 infimum,

466 4239 511 4274 noc
524 4224 642 4282 medium,
657 4239 702 4275 nec
716 4222 843 4281 ultimum,
855 4239 901 4273 uec
919 4230 1055 4273 extremum
1069 4223 1110 4276 sit.
1126 4223 1161 4272 its
1178 4220 1244 4285 ferri,
1257 4228 1285 4271 ut
1299 4220 1469 4271 concursioni-

464 4313 512 4362 bus
534 4313 597 4362 iuter
619 4328 647 4362 se
674 4310 848 4371 cohaerescant,
877 4327 908 4361 ex
929 4327 977 4378 quo
999 4309 1134 4361 efficientur
1160 4325 1189 4360 ee
1208 4325 1263 4376 quo
1287 4315 1354 4367 sunt,
1367 4323 1469 4376 quoqu·

464 4407 596 4452 cernuntur
610 4401 699 4460 omnir,
716 4415 819 4466 eumque
836 4407 930 4450 motum
956 4405 1089 4449 atomorum
1113 4397 1181 4448 nullo
1194 4398 1311 4464 principio
1329 4414 1360 4448 ex
1380 4404 1468 4448 morso

465 4497 571 4555 tempore
584 4488 689 4555 intelligi
700 4488 839 4540 convenire.
858 4505 867 4527 ·
