3560 5544
760 711 801 730 ..
819 681 860 745 57
878 713 920 730 ..

345 812 417 880 einer
430 810 507 896 teto,
528 809 650 902 paderb<
667 811 757 879 Dloo
775 811 858 906 παρὰ
870 814 964 877 ταῦτα
981 813 1064 888 ὄντος
1079 810 1145 878 θεοῦ
1161 815 1212 878 τοῦ
1226 811 1343 906 &totap-

345 954 394 999 rm
410 928 493 1023 piso
507 930 627 1019 ἔχοντος
643 922 670 994 ¹·
691 956 705 987 ·
728 933 763 1003 Si
785 934 865 1002 islae
887 932 1071 1018 imagines.
1087 934 1249 1019 ingentes
1265 933 1349 1021 qui·

345 1052 438 1132 dem,
450 1051 562 1135 mirae3
579 1054 693 1138 atoue,
709 1051 738 1119 sl
766 1069 837 1118 nou
849 1052 1005 1132 aeternae,
1023 1059 1059 1118 at
1078 1050 1267 1132 diuturnae,
1282 1067 1347 1118 nu·

347 1163 546 1245 minasnnt,
573 1164 673 1232 facile
698 1162 880 1231 admiseris
897 1162 1141 1244 Democritum,
1168 1181 1240 1231 non
1253 1162 1290 1230 in
1305 1180 1348 1231 eo

348 1282 539 1360 nutantem,
555 1280 709 1367 potuisse
722 1278 839 1346 divina
851 1295 978 1346 vocare
991 1281 1026 1346 et
1051 1296 1199 1366 corpora
1222 1278 1348 1364 quibus

351 1393 419 1463 illae
432 1394 605 1479 imagines
619 1395 831 1475 emittantur,
844 1397 879 1462 et
894 1397 1097 1462 naturarum
1123 1393 1261 1461 illarum
1289 1411 1349 1461 co·

351 1507 548 1593 gitationes
561 1527 665 1595 quum
681 1507 773 1576 idem
787 1507 946 1595 citatque
960 1527 1066 1577 unum
1080 1508 1217 1593 effigies
1233 1510 1267 1576 et
1292 1525 1350 1575 res

351 1622 476 1695 efficta
489 1624 631 1691 Nature
638 1624 707 1692 illae
723 1641 909 1709 earumque
922 1624 1095 1708 imagines
1107 1623 1185 1692 aliae
1197 1622 1350 1706 benigna

351 1742 486 1819 natura,
516 1738 594 1807 anre
614 1738 809 1825 perniciosa
847 1741 962 1822 erant3
1001 1757 1108 1825 quare
1136 1738 1351 1807 Democritus

350 1854 490 1939 optabat
503 1858 542 1922 nt
552 1854 644 1923 bona
660 1855 726 1922 sibi
739 1854 923 1923 simulacra
938 1857 1162 1923 occurrerent
1172 1851 1198 1922 ².
1215 1855 1350 1921 Praeea

334 1969 409 2052 ¹gia
423 1968 571 2056 denique
581 1973 616 2039 et
630 1969 794 2038 divinatio
802 1989 847 2038 ex
860 1968 1350 2054 iisimaglnibusoriebantur,
1479 2056 1482 2061 ¹

350 2088 385 2151 et
398 2084 503 2153 rebns
517 2102 537 2151 e
551 2084 677 2171 quibos
690 2084 758 2153 illae
768 2085 938 2170 profluere
952 2084 1155 2153 dicebantur
1168 2081 1193 2151 ³.

396 2201 528 2268 Praeter
544 2200 721 2269 daemonas
730 2201 807 2268 illos
818 2201 877 2287 qni
890 2200 1086 2269 bominibus
1100 2203 1134 2268 et
1151 2197 1304 2286 potentia
1316 2201 1351 2266 et

351 2313 575 2382 diuturnitate
586 2316 962 2402 praestentquitamen
971 2316 1008 2383 in
1017 2315 1144 2383 mundo
1152 2316 1269 2400 partes
1279 2330 1349 2380 non

353 2429 483 2515 primas
499 2433 629 2511 tenent,
647 2429 876 2510 Democritus,
894 2429 1020 2498 sifldes
1034 2429 1253 2498 adhibebitur
1266 2427 1354 2496 Pln-

354 2544 472 2614 tancho
486 2549 522 2614 et
535 2546 686 2631 Stobaeo,
712 2547 820 2614 Deum
845 2564 922 2615 esse
938 2546 1093 2634 putabat,
1108 2564 1231 2632 nempe
1255 2563 1354 2613 men·

353 2654 421 2728 tem
435 2661 693 2747 qnamdamsub
707 2660 819 2729 forma
832 2661 949 2745 ignem
965 2662 1103 2747 spherae
1118 2658 1144 2729 ⁴.
1164 2660 1352 2746 cujmjam

352 2794 458 2862 snpra
474 2777 684 2846 mentionem
704 2777 850 2846 fecimus
871 2779 992 2846 auctor
1015 2776 1193 2845 contendit
1215 2780 1352 2844 senten·

352 2891 435 2960 tiam
458 2891 554 2960 illam
578 2892 752 2980 posterius
767 2894 944 2961 inventam
972 2911 1049 2961 esse
1070 2911 1116 2961 ne
1135 2890 1352 2961 Democritus

351 3011 575 3076 accusaretur
609 3013 770 3076 naturam
797 3009 940 3077 deornm
971 3008 1111 3076 omnino
1151 3007 1352 3089 sustulisse3

351 3121 506 3190 animum
524 3121 617 3190 enim
628 3123 759 3204 mundi,
772 3128 831 3192 aut
847 3141 988 3203 numen,
1007 3121 1108 3209 quale
1123 3122 1158 3189 id
1170 3140 1249 3190 esse
1261 3138 1351 3189 con-

352 3237 513 3326 cipimus,
529 3239 662 3308 nullum
682 3240 811 3309 babere
822 3240 858 3307 in
874 3238 990 3307 Nostri
1005 3237 1187 3326 disciplina
1200 3233 1351 3305 loeum⁸.

389 3461 397 3494 ¹
416 3464 496 3520 Sm.
513 3464 594 3527 Euo..
609 3467 664 3518 odo.
680 3460 787 3533 Pipae,
803 3481 841 3525 ιι,
855 3471 904 3528 etr,
919 3471 968 3518 55³.
984 3463 1106 3519 crem.
1121 3466 1150 3517 de
1163 3463 1225 3518 Nat.
1241 3462 1356 3528 Deam.

351 3561 388 3606 tt·
405 3572 414 3595 ι
430 3552 500 3618 Quid
512 3554 692 3608 Democritus?
702 3553 753 3617 Qui
761 3571 817 3606 eum
825 3556 946 3622 imagim
954 3556 1209 3622 serumquecircuitos
1217 3555 1244 3604 in
1257 3553 1358 3605 deorum

350 3658 451 3695 numero
464 3642 547 3704 nien,
561 3650 615 3695 tum
626 3643 694 3694 unm
706 3651 818 3695 naturam
841 3659 896 3711 qus
915 3645 1038 3711 imagines
1056 3642 1144 3694 londa
1164 3644 1289 3702 scmittst,
1304 3649 1357 3693 tum

349 3734 476 3784 wicum
489 3732 725 3800 intelligentiamque
738 3741 857 3793 nostrum,
870 3749 951 3784 nonne
967 3736 992 3785 in
1006 3734 1113 3784 maximo
1125 3747 1207 3785 esron
1219 3723 1359 3782 vacaturi

351 3818 464 3889 comme
476 3820 542 3872 idem
563 3823 671 3881 omuino,
687 3823 745 3890 quie
765 3822 826 3875 nibil
839 3838 936 3891 semper
949 3838 995 3874 suo
1013 3828 1081 3873 stetu
1095 3827 1203 3880 monent,
1218 3827 1294 3888 neget
1302 3834 1359 3872 esse

350 3909 483 3977 quicqum
496 3912 681 3977 tempium,
696 3926 778 3963 nonne
790 3912 865 3964 deum
873 3913 909 3962 its
915 3910 980 3962 tollit
992 3911 1100 3968 omnino.
1115 3915 1143 3960 ut
1157 3907 1251 3960 nouem
1262 3909 1359 3977 spinte-

349 4014 406 4051 nem
419 4004 475 4066 ejus
488 3998 607 4067 reliquam
624 3998 709 4053 nen.
727 4014 741 4044 ·
763 3998 805 4055 cl.
821 4001 952 4060 Annaeo..
966 3998 1051 4073 Epion
1066 3997 1099 4051 sd
1112 3994 1222 4051 Dicam.

387 4082 400 4117 ²
421 4086 502 4141 Sur.
518 4085 590 4140 Bur.
605 4084 670 4140 Did.

390 4170 402 4204 ⁸
420 4176 486 4229 loro.

386 4257 399 4292 ⁸
416 4264 578 4327 Pontem..
593 4266 622 4317 de
634 4262 707 4321 Piae.
722 4266 802 4330 Pul,
817 4284 837 4327 r.
853 4274 866 4318 7
877 4290 884 4325 ς
904 4264 994 4325 fison..
1010 4265 1072 4318 sot.
1084 4268 1168 4335 plu..
1184 4281 1203 4324 r.
1218 4271 1254 4317 lt.

388 4348 401 4387 ⁸
419 4355 544 4413 Ludens.
557 4371 596 4423 op.
613 4357 666 4418 ott„
681 4374 707 4425 p.
724 4361 762 4418 ot,
774 4373 813 4425 sq.
