3560 5544
754 769 793 782 -
814 733 834 795 ο
853 766 893 781 ..

372 872 476 940 Fama
492 874 546 940 ast
558 871 733 950 Nostrum,
749 870 885 936 mortuo
900 871 1054 954 parente,
1080 885 1152 935 rem
1178 865 1322 934 familia·

329 1005 402 1056 rem
416 1004 495 1056 eum
512 985 677 1054 iratribus
688 983 860 1063 divisisse,
886 987 921 1050 et
935 983 1075 1049 minima
1089 984 1186 1068 parte
1202 999 1245 1049 ex
1259 999 1324 1067 pe-
1433 1000 1441 1012 ‘

328 1104 429 1172 onnia
442 1107 622 1172 numerata
636 1101 702 1171 sibi
717 1119 779 1189 pro
795 1100 920 1167 viatico
937 1102 1084 1185 sumpta,
1100 1098 1144 1165 ad
1162 1097 1319 1166 invisen-

330 1220 393 1288 dos
406 1219 562 1286 diversos
573 1217 742 1296 homines,
764 1214 1009 1300 discendasque
1026 1213 1230 1301 sapientium
1247 1212 1317 1281 dis-

330 1334 485 1422 eiplinas,
501 1333 664 1417 regiones
674 1331 805 1398 alienas
827 1330 886 1396 diu
916 1346 1122 1417 peragrasse
1137 1326 1161 1394 ¹.
1184 1330 1232 1395 De
1249 1328 1321 1396 suis

330 1449 508 1520 itineribus
524 1448 593 1516 iert
610 1448 684 1534 ipse
697 1446 930 1515 testimonium
944 1444 1034 1531 apud
1063 1443 1274 1512 Clementem
1287 1449 1323 1512 et

330 1566 513 1635 Eusebium
529 1562 569 1631 ¹:
597 1561 715 1658 «Ἐγὼ
745 1563 776 1632 δὲ
801 1559 867 1632 κατ’
901 1564 1042 1655 iprensis
1072 1564 1232 1658 ἀνθρώπων
1267 1573 1322 1655 γῆν

329 1686 461 1755 πλεῖστον
489 1682 729 1771 ἐπεπλανησάμην
749 1682 882 1775 ἱστορέων
911 1681 949 1746 τοὶ
967 1683 1092 1768 μήκιστα
1117 1678 1168 1744 καὶ
1181 1682 1272 1774 α’έρας
1289 1704 1322 1746 τε

249 1814 253 1821 ’
329 1798 379 1864 καὶ
408 1800 479 1889 *piata
513 1798 648 1874 πλείστας
678 1793 765 1880 εἶδον,
799 1795 850 1862 καὶ
878 1796 984 1887 λογίων
1000 1795 1164 1892 ἀνθρώπων
1179 1796 1322 1864 πλείστων

334 1913 487 1998 ίσήκονσα,
498 1913 548 1980 καὶ
564 1916 724 2008 γραμμίονν
739 1912 880 1992 ξυνθέσιος
896 1915 970 2001 μετὰ
988 1910 1139 1991 α’ποδέξιος
1165 1910 1255 1990 οὐδείς
1278 1915 1322 1979 κοί)

328 2064 364 2129 με
379 2038 556 2133 παρήλλαξε,
576 2034 636 2105 οὐδ’
652 2041 678 2105 οἱ
687 2041 854 2132 Αἰγυπτίων
875 2039 1043 2128 καλεόμενοι
1063 2012 1337 2133 εΑρπεδονοίπταα

328 2154 377 2223 σὺν
395 2151 485 2223 τοῖσδ’
501 2156 546 2223 ἐπὶ
563 2164 635 2223 πᾶσι
648 2153 694 2224 ἐπ’
713 2159 778 2222 ἔτεα
793 2151 959 2246 ὀγδώκοντα
974 2152 1019 2221 ἐπὶ
1031 2154 1120 2234 ξείνης
1130 2154 1264 2246 ἐγενήθην
1273 2155 1319 2218 ³.»

329 2271 419 2346 Quas
436 2272 551 2337 autem
561 2269 723 2352 regiones
738 2267 820 2336 adiit
834 2266 847 2332 i
861 2266 990 2333 Dicitur
1011 2267 1156 2347 Indiam,
1187 2266 1321 2352 primus

330 2386 528 2453 Graecorum
542 2388 620 2452 ante
636 2384 883 2463 Alexandrum,
909 2382 1105 2465 intravisse,
1135 2381 1321 2466 perlustra-

329 2502 421 2568 visse
447 2500 621 2580 Arabiam,
649 2500 685 2567 in
712 2501 865 2588 AEgypto
889 2500 1120 2565 commoratus
1147 2515 1238 2579 esse,
1258 2515 1322 2564 neo

329 2635 399 2685 non
423 2619 586 2701 Magnam
612 2616 781 2685 (traciam
807 2622 841 2682 et
852 2616 1005 2683 Athenas
1019 2615 1180 2682 invisisse
1195 2614 1219 2679 ⁴.
1238 2612 1320 2682 liena

330 2749 412 2799 sane
427 2732 549 2799 miram
567 2732 574 2797 i
593 2733 720 2800 Eadem
736 2730 808 2798 iere
823 2731 946 2798 itinera
957 2734 992 2798 et
1012 2747 1033 2796 a
1054 2731 1253 2816 Pythagora
1282 2735 1317 2798 et
1429 2778 1434 2785 ·

366 2974 373 3006 ¹
392 2979 470 3031 Dion.
487 2980 595 3038 Lissa..
614 2996 649 3040 ix,
665 2986 699 3030 ³5.
715 3003 751 3015 -
764 2979 830 3030 Van.
846 2981 930 3040 Max..
947 2995 1001 3041 rur,
1018 2987 1039 3039 ⁷,
1061 2980 1100 3031 ed.
1123 2981 1243 3042 Lemaire,
1272 2996 1323 3032 rann

328 3069 401 3134 paulo
416 3069 487 3120 aliter
499 3078 597 3120 narrat:
612 3089 620 3110 ι
636 3070 799 3133 Democritus,
812 3087 887 3138 quum
906 3073 998 3122 censeri
1016 3078 1099 3138 posset
1125 3070 1263 3121 divitus...
1276 3087 1324 3138 quo

328 3161 406 3225 magis
422 3174 499 3209 vacuo
513 3160 593 3209 animo
618 3160 705 3210 studiis
719 3167 785 3211 asam
807 3169 959 3227 operaturus,
973 3178 1050 3228 parva
1071 3160 1203 3212 admodum
1230 3168 1323 3212 natanta

331 3262 433 3304 summa,
446 3248 617 3312 patrimonium
631 3249 715 3313 patria
724 3248 834 3298 donavit.
852 3266 859 3286 ·

363 3329 375 3361 ⁸
393 3333 478 3385 Cunna.
502 3335 596 3394 Anam,
624 3333 722 3398 Strom„
739 3351 757 3393 1,
767 3352 792 3401 p.
803 3341 851 3394 tol,
873 3336 913 3386 ed.
935 3335 1063 3404 Sylburg,
1077 3353 1117 3403 ap.
1131 3335 1320 3398 Munnacniuar,

328 3421 427 3489 Fraqm.
434 3423 498 3488 ptit.
515 3420 604 3482 (ir-ee,-
621 3424 730 3481 Eueno..
748 3423 824 3490 Praep.
836 3425 949 3492 Beraq„
965 3441 990 3484 x,
1006 3432 1028 3476 2.

363 3503 375 3541 ⁸
393 3510 483 3561 Parum
499 3513 631 3563 verisimile
640 3521 677 3563 ast
691 3529 747 3563 enm
760 3528 804 3579 per
817 3517 941 3581 octoginta
951 3530 1028 3565 mnas
1041 3516 1067 3564 in
1080 3513 1192 3582 AEgypto
1212 3531 1320 3567 eommo-

329 3607 406 3650 ratum
421 3616 486 3661 assa,
502 3602 579 3675 etiam,
589 3603 611 3651 si
634 3618 674 3668 ap.
692 3600 771 3653 Clam.
787 3611 811 3652 et
824 3602 916 3653 Eusab.
929 3602 1025 3670 legatur
1035 3599 1244 3664 ὀγδοήκονταίτο.
1263 3605 1324 3656 Hoc

327 3685 403 3750 igitur
412 3685 492 3753 placat
505 3685 631 3735 Mullaehii
643 3692 780 3751 oonjeetura
797 3710 803 3737 ι
825 3706 832 3725 ·
850 3685 934 3748 Quum
945 3695 1026 3738 antem
1044 3689 1070 3737 in
1083 3690 1190 3739 numeris
1199 3706 1242 3756 par
1256 3699 1326 3741 notas

329 3774 427 3838 scriptis
440 3784 459 3817 π
482 3773 547 3838 apud
559 3781 655 3824 veteres
677 3762 756 3834 πέντε,
784 3778 909 3841 posteriori
928 3792 979 3826 aevo
1002 3792 1050 3843 quo
1071 3777 1215 3828 minusculis
1237 3779 1325 3831 littaris

327 3861 466 3919 utebantur,
480 3864 634 3928 superposita
647 3861 689 3912 val
701 3865 806 3930 ascripta
820 3863 908 3915 lineola
921 3860 1068 3925 ὀγδοήκοντα
1084 3863 1241 3933 designaret;
1266 3884 1325 3919 oon-

324 3952 396 4016 jicias
415 3949 567 4000 librariorum
593 3954 686 4003 incuria
698 3959 827 4020 utrumqne
841 3971 968 4005 numerum
988 3954 1126 4039 conluipm,
1148 3963 1173 4005 el
1186 3972 1226 4022 ap.
1244 3954 1323 4008 Clam.

324 4036 397 4085 πίνει
416 4038 593 4089 restituendum
607 4056 672 4091 esse·
690 4059 697 4080 ·
714 4038 812 4108 Fraqm.
829 4041 897 4094 Part.
916 4040 1003 4107 Grae,
1022 4045 1050 4094 dr
1062 4042 1156 4094 Drmoc.
1171 4042 1327 4096 diderit.-

325 4119 445 4178 Cotarum
467 4142 508 4192 ap.
537 4126 613 4179 Diod.
643 4127 731 4190 Sicani,
757 4148 806 4181 non
830 4136 901 4199 parvi
930 4133 1044 4199 ponderis
1069 4141 1199 4183 auctorem.
1218 4134 1323 4201 legitur:

326 4209 523 4276 ὑπολομόάνονσι
551 4209 577 4262 ἂ
600 4215 641 4263 καὶ
665 4218 815 4286 Δημόκριτον
845 4220 903 4288 παρ’
928 4217 1006 4276 sirei<
1025 4220 1067 4279 ira
1098 4218 1219 4289 διατρῖψαι
1246 4221 1325 4277 πέντε.

327 4318 345 4364 1,
360 4307 396 4352 it.

363 4383 375 4422 ⁸
392 4390 472 4442 Dion.
488 4389 708 4454 Latar.,1x,³t;
731 4393 818 4457 Sum..
840 4397 886 4448 loe.
902 4398 954 4455 σίνε
974 4398 1089 4457 AEmia..
1103 4398 1150 4449 loc.
1167 4400 1219 4458 rit.;
1239 4399 1324 4455 Curia

330 4476 425 4538 Am..
439 4479 489 4532 loo.
507 4482 559 4541 αις
571 4479 679 4543 sms,
695 4498 738 4541 m
753 4484 831 4537 Dion.
843 4484 888 4538 Sic
904 4525 910 4547 ,
928 4502 946 4545 ι,
961 4492 997 4537 tt.
