<?xml version="1.0" encoding="UTF-8"?>
<!DOCTYPE html PUBLIC "-//W3C//DTD XHTML 1.0 Transitional//EN"
    "http://www.w3.org/TR/xhtml1/DTD/xhtml1-transitional.dtd">
<html xmlns="http://www.w3.org/1999/xhtml" xml:lang="en" lang="en">
 <head>
  <title>
</title>
<meta http-equiv="Content-Type" content="text/html;charset=utf-8" />
  <meta name='ocr-system' content='tesseract 3.04.00' />
  <meta name='ocr-capabilities' content='ocr_page ocr_carea ocr_par ocr_line ocrx_word'/>
</head>
<body>
  <div class='ocr_page' id='page_1' title='image "./dedemocritophil00liargoog_0049.png"; bbox 0 0 3560 5544; ppageno 0'>
   <div class='ocr_carea' id='block_1_1' title="bbox 843 725 1002 791">
    <p class='ocr_par' dir='ltr' id='par_1_1' title="bbox 843 725 1002 791">
     <span class='ocr_line' id='line_1_1' title="bbox 843 725 1002 791; baseline 0 -18"><span class='ocrx_word' id='word_1_1' title='bbox 843 725 1002 791; x_wconf 70' lang='lat'>..42-</span> 
     </span>
    </p>
   </div>
   <div class='ocr_carea' id='block_1_2' title="bbox 394 857 1467 2229">
    <p class='ocr_par' dir='ltr' id='par_1_2' title="bbox 394 857 1425 1643">
     <span class='ocr_line' id='line_1_2' title="bbox 421 857 1425 949; baseline 0 -18"><span class='ocrx_word' id='word_1_2' title='bbox 421 857 515 946; x_wconf 63' lang='lat' dir='ltr'><strong>qnod</strong></span> <span class='ocrx_word' id='word_1_3' title='bbox 524 864 644 948; x_wconf 77' lang='lat' dir='ltr'><strong>postea</strong></span> <span class='ocrx_word' id='word_1_4' title='bbox 658 862 908 931; x_wconf 82' lang='lat' dir='ltr'><strong>demonstravit</strong></span> <span class='ocrx_word' id='word_1_5' title='bbox 922 862 1138 941; x_wconf 79' lang='lat' dir='ltr'><strong>Aristoteles,</strong></span> <span class='ocrx_word' id='word_1_6' title='bbox 1158 866 1309 949; x_wconf 76' lang='lat' dir='ltr'><strong>veraque</strong></span> <span class='ocrx_word' id='word_1_7' title='bbox 1336 864 1425 931; x_wconf 89' lang='lat' dir='ltr'><strong>r&#39;atio</strong></span> 
     </span>
     <span class='ocr_line' id='line_1_3' title="bbox 419 980 1421 1067; baseline 0.001 -20"><span class='ocrx_word' id='word_1_8' title='bbox 419 980 500 1047; x_wconf 77' lang='lat' dir='ltr'><strong>finis</strong></span> <span class='ocrx_word' id='word_1_9' title='bbox 528 983 592 1048; x_wconf 87' lang='lat' dir='ltr'><strong>est.</strong></span> <span class='ocrx_word' id='word_1_10' title='bbox 624 983 735 1058; x_wconf 78' lang='lat' dir='ltr'><strong>Quam</strong></span> <span class='ocrx_word' id='word_1_11' title='bbox 771 999 844 1048; x_wconf 91' lang='lat' dir='ltr'><strong>non</strong></span> <span class='ocrx_word' id='word_1_12' title='bbox 872 981 1068 1067; x_wconf 80' lang='lat' dir='ltr'><strong>suspicatus</strong></span> <span class='ocrx_word' id='word_1_13' title='bbox 1099 984 1154 1048; x_wconf 81' lang='lat' dir='ltr'><strong>ast</strong></span> <span class='ocrx_word' id='word_1_14' title='bbox 1183 980 1421 1062; x_wconf 78' lang='lat' dir='ltr'><strong>Democritus&#39;3</strong></span> 
     </span>
     <span class='ocr_line' id='line_1_4' title="bbox 420 1094 1424 1173; baseline 0.001 -12"><span class='ocrx_word' id='word_1_15' title='bbox 420 1095 536 1161; x_wconf 82' lang='lat' dir='ltr'><strong>omnia</strong></span> <span class='ocrx_word' id='word_1_16' title='bbox 550 1095 878 1164; x_wconf 78' lang='lat' dir='ltr'><strong>cansetmacbanico</strong></span> <span class='ocrx_word' id='word_1_17' title='bbox 894 1097 1040 1164; x_wconf 87' lang='lat' dir='ltr'><strong>moveri.</strong></span> <span class='ocrx_word' id='word_1_18' title='bbox 1066 1096 1165 1173; x_wconf 84' lang='lat' dir='ltr'><strong>Quod</strong></span> <span class='ocrx_word' id='word_1_19' title='bbox 1190 1095 1221 1163; x_wconf 89' lang='lat' dir='ltr'><strong>si</strong></span> <span class='ocrx_word' id='word_1_20' title='bbox 1237 1094 1282 1162; x_wconf 89' lang='lat' dir='ltr'><strong>ad</strong></span> <span class='ocrx_word' id='word_1_21' title='bbox 1295 1095 1330 1161; x_wconf 93' lang='lat' dir='ltr'><strong>id</strong></span> <span class='ocrx_word' id='word_1_22' title='bbox 1349 1100 1424 1162; x_wconf 88' lang='lat' dir='ltr'><strong>tan-</strong></span> 
     </span>
     <span class='ocr_line' id='line_1_5' title="bbox 419 1210 1423 1297; baseline 0 -20"><span class='ocrx_word' id='word_1_23' title='bbox 419 1211 594 1278; x_wconf 87' lang='lat' dir='ltr'><strong>tummodo</strong></span> <span class='ocrx_word' id='word_1_24' title='bbox 609 1215 759 1297; x_wconf 81' lang='lat' dir='ltr'><strong>spectas,</strong></span> <span class='ocrx_word' id='word_1_25' title='bbox 778 1210 870 1279; x_wconf 88' lang='lat' dir='ltr'><strong>liaud</strong></span> <span class='ocrx_word' id='word_1_26' title='bbox 894 1212 1067 1279; x_wconf 90' lang='lat' dir='ltr'><strong>immerito</strong></span> <span class='ocrx_word' id='word_1_27' title='bbox 1096 1211 1191 1279; x_wconf 87' lang='lat' dir='ltr'><strong>dices</strong></span> <span class='ocrx_word' id='word_1_28' title='bbox 1214 1219 1423 1278; x_wconf 89' lang='lat' dir='ltr'><strong>concursum</strong></span> 
     </span>
     <span class='ocr_line' id='line_1_6' title="bbox 419 1325 1424 1412; baseline 0 -19"><span class='ocrx_word' id='word_1_29' title='bbox 419 1328 613 1394; x_wconf 88' lang='lat' dir='ltr'><strong>atomorum</strong></span> <span class='ocrx_word' id='word_1_30' title='bbox 626 1326 806 1394; x_wconf 84' lang='lat' dir='ltr'><strong>fortuitum</strong></span> <span class='ocrx_word' id='word_1_31' title='bbox 836 1345 926 1394; x_wconf 89' lang='lat' dir='ltr'><strong>osse.</strong></span> <span class='ocrx_word' id='word_1_32' title='bbox 954 1326 1009 1394; x_wconf 88' lang='lat' dir='ltr'><strong>Sic</strong></span> <span class='ocrx_word' id='word_1_33' title='bbox 1023 1344 1158 1412; x_wconf 92' lang='lat' dir='ltr'><strong>quoque</strong></span> <span class='ocrx_word' id='word_1_34' title='bbox 1178 1325 1335 1393; x_wconf 88' lang='lat' dir='ltr'><strong>Stobaeus</strong></span> <span class='ocrx_word' id='word_1_35' title='bbox 1353 1343 1424 1393; x_wconf 90' lang='lat' dir='ltr'><strong>non</strong></span> 
     </span>
     <span class='ocr_line' id='line_1_7' title="bbox 418 1426 1422 1529; baseline -0.003 -19"><span class='ocrx_word' id='word_1_36' title='bbox 418 1446 538 1510; x_wconf 86' lang='lat' dir='ltr'><strong>secum</strong></span> <span class='ocrx_word' id='word_1_37' title='bbox 557 1443 730 1525; x_wconf 79' lang='lat' dir='ltr'><strong>dissentit,</strong></span> <span class='ocrx_word' id='word_1_38' title='bbox 746 1462 851 1529; x_wconf 92' lang='lat' dir='ltr'><strong>quum</strong></span> <span class='ocrx_word' id='word_1_39' title='bbox 861 1426 996 1528; x_wconf 87' lang='lat' dir='ltr'><strong>judicat</strong></span> <span class='ocrx_word' id='word_1_40' title='bbox 1010 1443 1178 1510; x_wconf 90' lang='lat' dir='ltr'><strong>mundum</strong></span> <span class='ocrx_word' id='word_1_41' title='bbox 1192 1459 1214 1508; x_wconf 91' lang='lat' dir='ltr'><strong>a</strong></span> <span class='ocrx_word' id='word_1_42' title='bbox 1227 1441 1422 1510; x_wconf 74' lang='lat' dir='ltr'><strong>Democrito</strong></span> 
     </span>
     <span class='ocr_line' id='line_1_8' title="bbox 394 1560 874 1643; baseline 0 -16"><span class='ocrx_word' id='word_1_43' title='bbox 394 1588 401 1601; x_wconf 89' lang='lat'><strong>·</strong></span> <span class='ocrx_word' id='word_1_44' title='bbox 417 1561 549 1643; x_wconf 88' lang='lat' dir='ltr'><strong>fictum,</strong></span> <span class='ocrx_word' id='word_1_45' title='bbox 564 1561 698 1629; x_wconf 89' lang='lat' dir='ltr'><strong>ratione</strong></span> <span class='ocrx_word' id='word_1_46' title='bbox 715 1579 835 1628; x_wconf 86' lang='lat' dir='ltr'><strong>carere</strong></span> <span class='ocrx_word' id='word_1_47' title='bbox 846 1560 874 1626; x_wconf 88' lang='lat'><strong>¹.</strong></span> 
     </span>
    </p>

    <p class='ocr_par' dir='ltr' id='par_1_3' title="bbox 417 1676 1467 2229">
     <span class='ocr_line' id='line_1_9' title="bbox 463 1676 1421 1763; baseline -0.004 -17"><span class='ocrx_word' id='word_1_48' title='bbox 463 1678 580 1756; x_wconf 84' lang='lat' dir='ltr'><strong>Qualis</strong></span> <span class='ocrx_word' id='word_1_49' title='bbox 595 1682 709 1746; x_wconf 82' lang='lat' dir='ltr'><strong>autem</strong></span> <span class='ocrx_word' id='word_1_50' title='bbox 724 1681 777 1745; x_wconf 88' lang='lat' dir='ltr'><strong>est</strong></span> <span class='ocrx_word' id='word_1_51' title='bbox 793 1681 920 1757; x_wconf 88' lang='lat' dir='ltr'><strong>motus,</strong></span> <span class='ocrx_word' id='word_1_52' title='bbox 954 1681 1104 1763; x_wconf 83' lang='lat' dir='ltr'><strong>quotque</strong></span> <span class='ocrx_word' id='word_1_53' title='bbox 1118 1679 1199 1743; x_wconf 91' lang='lat' dir='ltr'><strong>sunt</strong></span> <span class='ocrx_word' id='word_1_54' title='bbox 1216 1676 1293 1759; x_wconf 78' lang='lat' dir='ltr'><strong>aJus</strong></span> <span class='ocrx_word' id='word_1_55' title='bbox 1311 1691 1421 1758; x_wconf 82' lang='lat' dir='ltr'><strong>gene-</strong></span> 
     </span>
     <span class='ocr_line' id='line_1_10' title="bbox 417 1789 1419 1883; baseline -0.002 -24"><span class='ocrx_word' id='word_1_56' title='bbox 417 1793 483 1860; x_wconf 83' lang='lat' dir='ltr'><strong>rat</strong></span> <span class='ocrx_word' id='word_1_57' title='bbox 526 1793 605 1859; x_wconf 86' lang='lat' dir='ltr'><strong>Tria</strong></span> <span class='ocrx_word' id='word_1_58' title='bbox 633 1794 771 1883; x_wconf 86' lang='lat' dir='ltr'><strong>quidem</strong></span> <span class='ocrx_word' id='word_1_59' title='bbox 804 1806 882 1860; x_wconf 85' lang='lat' dir='ltr'><strong>esse</strong></span> <span class='ocrx_word' id='word_1_60' title='bbox 924 1793 1157 1861; x_wconf 80' lang='lat' dir='ltr'><strong>arbitrabatur</strong></span> <span class='ocrx_word' id='word_1_61' title='bbox 1191 1789 1419 1870; x_wconf 83' lang='lat' dir='ltr'><strong>Democritus,</strong></span> 
     </span>
     <span class='ocr_line' id='line_1_11' title="bbox 418 1908 1419 1995; baseline 0.001 -19"><span class='ocrx_word' id='word_1_62' title='bbox 418 1917 542 1994; x_wconf 83' lang='lat' dir='ltr'><strong>nempe</strong></span> <span class='ocrx_word' id='word_1_63' title='bbox 557 1914 689 1976; x_wconf 91' lang='lat' dir='ltr'><strong>motum</strong></span> <span class='ocrx_word' id='word_1_64' title='bbox 702 1929 747 1977; x_wconf 86' lang='lat' dir='ltr'><strong>ex</strong></span> <span class='ocrx_word' id='word_1_65' title='bbox 758 1908 921 1995; x_wconf 88' lang='lat' dir='ltr'><strong>impulsu,</strong></span> <span class='ocrx_word' id='word_1_66' title='bbox 937 1908 1200 1991; x_wconf 84' lang='lat' dir='ltr'><strong>oscillationem,</strong></span> <span class='ocrx_word' id='word_1_67' title='bbox 1218 1915 1252 1978; x_wconf 87' lang='lat' dir='ltr'><strong>et</strong></span> <span class='ocrx_word' id='word_1_68' title='bbox 1275 1911 1419 1979; x_wconf 80' lang='lat' dir='ltr'><strong>circum-</strong></span> 
     </span>
     <span class='ocr_line' id='line_1_12' title="bbox 417 2026 1423 2112; baseline 0.002 -21"><span class='ocrx_word' id='word_1_69' title='bbox 417 2026 623 2094; x_wconf 79' lang='lat' dir='ltr'><strong>vectionem.</strong></span> <span class='ocrx_word' id='word_1_70' title='bbox 638 2026 827 2112; x_wconf 81' lang='lat' dir='ltr'><strong>inquirenti</strong></span> <span class='ocrx_word' id='word_1_71' title='bbox 845 2040 930 2093; x_wconf 88' lang='lat' dir='ltr'><strong>vero</strong></span> <span class='ocrx_word' id='word_1_72' title='bbox 955 2026 1033 2111; x_wconf 91' lang='lat' dir='ltr'><strong>quis</strong></span> <span class='ocrx_word' id='word_1_73' title='bbox 1065 2030 1182 2093; x_wconf 87' lang='lat' dir='ltr'><strong>motus</strong></span> <span class='ocrx_word' id='word_1_74' title='bbox 1206 2028 1355 2094; x_wconf 81' lang='lat' dir='ltr'><strong>caeteros</strong></span> <span class='ocrx_word' id='word_1_75' title='bbox 1368 2026 1423 2108; x_wconf 78' lang='lat' dir='ltr'><strong>gi-</strong></span> 
     </span>
     <span class='ocr_line' id='line_1_13' title="bbox 419 2141 1467 2229; baseline -0.002 -19"><span class='ocrx_word' id='word_1_76' title='bbox 419 2147 518 2227; x_wconf 76' lang='lat' dir='ltr'><strong>gnat,</strong></span> <span class='ocrx_word' id='word_1_77' title='bbox 537 2141 679 2229; x_wconf 88' lang='lat' dir='ltr'><strong>liquebit</strong></span> <span class='ocrx_word' id='word_1_78' title='bbox 710 2142 867 2229; x_wconf 84' lang='lat' dir='ltr'><strong>proiecto</strong></span> <span class='ocrx_word' id='word_1_79' title='bbox 896 2142 1200 2209; x_wconf 88' lang='lat' dir='ltr'><strong>circumactionem</strong></span> <span class='ocrx_word' id='word_1_80' title='bbox 1231 2143 1323 2209; x_wconf 87' lang='lat' dir='ltr'><strong>banc</strong></span> <span class='ocrx_word' id='word_1_81' title='bbox 1351 2158 1422 2208; x_wconf 92' lang='lat' dir='ltr'><strong>non</strong></span> <span class='ocrx_word' id='word_1_82' title='bbox 1464 2178 1467 2183; x_wconf 93' lang='lat'>·</span> 
     </span>
    </p>
   </div>
   <div class='ocr_carea' id='block_1_3' title="bbox 419 2245 1535 2347">
    <p class='ocr_par' dir='ltr' id='par_1_4' title="bbox 419 2245 1535 2347">
     <span class='ocr_line' id='line_1_14' title="bbox 419 2245 1535 2347; baseline -0.004 -20"><span class='ocrx_word' id='word_1_83' title='bbox 419 2259 611 2328; x_wconf 86' lang='lat' dir='ltr'><strong>obtinuisse</strong></span> <span class='ocrx_word' id='word_1_84' title='bbox 628 2259 842 2345; x_wconf 82' lang='lat' dir='ltr'><strong>provinciam</strong></span> <span class='ocrx_word' id='word_1_85' title='bbox 858 2255 1014 2347; x_wconf 56' lang='lat' dir='ltr'><strong>{etenim</strong></span> <span class='ocrx_word' id='word_1_86' title='bbox 1030 2258 1261 2326; x_wconf 81' lang='lat' dir='ltr'><strong>exclamantis</strong></span> <span class='ocrx_word' id='word_1_87' title='bbox 1275 2258 1423 2326; x_wconf 91' lang='lat' dir='ltr'><strong>circum·</strong></span> <span class='ocrx_word' id='word_1_88' title='bbox 1528 2245 1535 2255; x_wconf 76' lang='grc'>’</span> 
     </span>
    </p>
   </div>
   <div class='ocr_carea' id='block_1_4' title="bbox 416 2373 1422 2804">
    <p class='ocr_par' dir='ltr' id='par_1_5' title="bbox 416 2373 1422 2804">
     <span class='ocr_line' id='line_1_15' title="bbox 419 2373 1422 2462; baseline -0.004 -19"><span class='ocrx_word' id='word_1_89' title='bbox 419 2376 505 2444; x_wconf 88' lang='lat' dir='ltr'><strong>actis</strong></span> <span class='ocrx_word' id='word_1_90' title='bbox 533 2376 691 2462; x_wconf 85' lang='lat' dir='ltr'><strong>proxime</strong></span> <span class='ocrx_word' id='word_1_91' title='bbox 714 2395 770 2443; x_wconf 93' lang='lat' dir='ltr'><strong>res</strong></span> <span class='ocrx_word' id='word_1_92' title='bbox 788 2375 874 2443; x_wconf 88' lang='lat' dir='ltr'><strong>oriri</strong></span> <span class='ocrx_word' id='word_1_93' title='bbox 902 2376 1064 2443; x_wconf 85' lang='lat' dir='ltr'><strong>censebat</strong></span> <span class='ocrx_word' id='word_1_94' title='bbox 1072 2375 1289 2443; x_wconf 84' lang='lat' dir='ltr'><strong>Democritus</strong></span> <span class='ocrx_word' id='word_1_95' title='bbox 1299 2373 1324 2442; x_wconf 71' lang='lat'><strong>².</strong></span> <span class='ocrx_word' id='word_1_96' title='bbox 1342 2373 1422 2452; x_wconf 82' lang='lat' dir='ltr'><strong>Qui·</strong></span> 
     </span>
     <span class='ocr_line' id='line_1_16' title="bbox 416 2486 1422 2576; baseline -0.001 -19"><span class='ocrx_word' id='word_1_97' title='bbox 416 2492 496 2557; x_wconf 80' lang='lat' dir='ltr'><strong>tiam</strong></span> <span class='ocrx_word' id='word_1_98' title='bbox 514 2490 663 2576; x_wconf 88' lang='lat' dir='ltr'><strong>primum</strong></span> <span class='ocrx_word' id='word_1_99' title='bbox 680 2508 757 2557; x_wconf 87' lang='lat' dir='ltr'><strong>esse</strong></span> <span class='ocrx_word' id='word_1_100' title='bbox 789 2489 1039 2557; x_wconf 84' lang='lat' dir='ltr'><strong>oscillationem</strong></span> <span class='ocrx_word' id='word_1_101' title='bbox 1067 2490 1253 2558; x_wconf 88' lang='lat' dir='ltr'><strong>voluerunt</strong></span> <span class='ocrx_word' id='word_1_102' title='bbox 1267 2486 1302 2573; x_wconf 76' lang='lat'><strong>³3</strong></span> <span class='ocrx_word' id='word_1_103' title='bbox 1330 2491 1422 2576; x_wconf 88' lang='lat' dir='ltr'><strong>quod</strong></span> 
     </span>
     <span class='ocr_line' id='line_1_17' title="bbox 418 2603 1421 2692; baseline 0.001 -22"><span class='ocrx_word' id='word_1_104' title='bbox 418 2608 533 2671; x_wconf 87' lang='lat' dir='ltr'><strong>autam</strong></span> <span class='ocrx_word' id='word_1_105' title='bbox 547 2603 696 2686; x_wconf 78' lang='lat' dir='ltr'><strong>intelligi</strong></span> <span class='ocrx_word' id='word_1_106' title='bbox 713 2622 785 2670; x_wconf 90' lang='lat' dir='ltr'><strong>non</strong></span> <span class='ocrx_word' id='word_1_107' title='bbox 801 2608 927 2690; x_wconf 86' lang='lat' dir='ltr'><strong>potest,</strong></span> <span class='ocrx_word' id='word_1_108' title='bbox 943 2605 973 2671; x_wconf 92' lang='lat' dir='ltr'><strong>si</strong></span> <span class='ocrx_word' id='word_1_109' title='bbox 989 2605 1034 2670; x_wconf 92' lang='lat' dir='ltr'><strong>ad</strong></span> <span class='ocrx_word' id='word_1_110' title='bbox 1057 2605 1237 2691; x_wconf 85' lang='lat' dir='ltr'><strong>physicam</strong></span> <span class='ocrx_word' id='word_1_111' title='bbox 1257 2605 1421 2692; x_wconf 85' lang='lat' dir='ltr'><strong>respicias</strong></span> 
     </span>
     <span class='ocr_line' id='line_1_18' title="bbox 417 2719 1421 2804; baseline 0 -19"><span class='ocrx_word' id='word_1_112' title='bbox 417 2722 452 2785; x_wconf 86' lang='lat' dir='ltr'><strong>&#39;et</strong></span> <span class='ocrx_word' id='word_1_113' title='bbox 468 2719 512 2785; x_wconf 88' lang='lat' dir='ltr'><strong>ad</strong></span> <span class='ocrx_word' id='word_1_114' title='bbox 528 2723 674 2786; x_wconf 89' lang='lat' dir='ltr'><strong>atomos.</strong></span> <span class='ocrx_word' id='word_1_115' title='bbox 709 2719 806 2786; x_wconf 91' lang='lat' dir='ltr'><strong>Unde</strong></span> <span class='ocrx_word' id='word_1_116' title='bbox 837 2720 930 2786; x_wconf 85' lang='lat' dir='ltr'><strong>enim</strong></span> <span class='ocrx_word' id='word_1_117' title='bbox 958 2720 1026 2787; x_wconf 89' lang='lat' dir='ltr'><strong>ista</strong></span> <span class='ocrx_word' id='word_1_118' title='bbox 1035 2720 1421 2804; x_wconf 69' lang='lat' dir='ltr'><strong>jactatiolatomorumt</strong></span> 
     </span>
    </p>
   </div>
   <div class='ocr_carea' id='block_1_5' title="bbox 412 2835 1423 3618">
    <p class='ocr_par' dir='ltr' id='par_1_6' title="bbox 412 2835 1423 3618">
     <span class='ocr_line' id='line_1_19' title="bbox 417 2835 1423 2922; baseline 0.001 -20"><span class='ocrx_word' id='word_1_119' title='bbox 417 2836 487 2904; x_wconf 82' lang='lat' dir='ltr'><strong>Aut</strong></span> <span class='ocrx_word' id='word_1_120' title='bbox 502 2854 546 2903; x_wconf 87' lang='lat' dir='ltr'><strong>ax</strong></span> <span class='ocrx_word' id='word_1_121' title='bbox 560 2835 658 2922; x_wconf 89' lang='lat' dir='ltr'><strong>ipsis,</strong></span> <span class='ocrx_word' id='word_1_122' title='bbox 673 2835 764 2921; x_wconf 90' lang='lat' dir='ltr'><strong>quod</strong></span> <span class='ocrx_word' id='word_1_123' title='bbox 781 2854 860 2902; x_wconf 91' lang='lat' dir='ltr'><strong>cum</strong></span> <span class='ocrx_word' id='word_1_124' title='bbox 874 2837 1058 2904; x_wconf 87' lang='lat' dir='ltr'><strong>Democriti</strong></span> <span class='ocrx_word' id='word_1_125' title='bbox 1082 2837 1221 2906; x_wconf 87' lang='lat' dir='ltr'><strong>caeteris</strong></span> <span class='ocrx_word' id='word_1_126' title='bbox 1250 2837 1423 2922; x_wconf 89' lang='lat' dir='ltr'><strong>discrepat</strong></span> 
     </span>
     <span class='ocr_line' id='line_1_20' title="bbox 416 2932 1422 3039; baseline 0.001 -19"><span class='ocrx_word' id='word_1_127' title='bbox 416 2932 648 3037; x_wconf 69' lang='lat' dir='ltr'><strong>opinionibus</strong></span> <span class='ocrx_word' id='word_1_128' title='bbox 665 2972 771 3039; x_wconf 92' lang='lat' dir='ltr'><strong>quum</strong></span> <span class='ocrx_word' id='word_1_129' title='bbox 788 2953 873 3020; x_wconf 92' lang='lat' dir='ltr'><strong>nibil</strong></span> <span class='ocrx_word' id='word_1_130' title='bbox 892 2955 1080 3039; x_wconf 88' lang='lat' dir='ltr'><strong>peculiare,</strong></span> <span class='ocrx_word' id='word_1_131' title='bbox 1109 2955 1177 3022; x_wconf 89' lang='lat' dir='ltr'><strong>nisi</strong></span> <span class='ocrx_word' id='word_1_132' title='bbox 1213 2956 1360 3022; x_wconf 84' lang='lat' dir='ltr'><strong>formam</strong></span> <span class='ocrx_word' id='word_1_133' title='bbox 1387 2961 1422 3022; x_wconf 89' lang='lat' dir='ltr'><strong>et</strong></span> 
     </span>
     <span class='ocr_line' id='line_1_21' title="bbox 416 3070 1421 3157; baseline 0.001 -20"><span class='ocrx_word' id='word_1_134' title='bbox 416 3070 708 3155; x_wconf 78' lang='lat' dir='ltr'><strong>magnitudinem,</strong></span> <span class='ocrx_word' id='word_1_135' title='bbox 726 3071 842 3138; x_wconf 90' lang='lat' dir='ltr'><strong>inesse</strong></span> <span class='ocrx_word' id='word_1_136' title='bbox 856 3071 946 3139; x_wconf 88' lang='lat' dir='ltr'><strong>dicat</strong></span> <span class='ocrx_word' id='word_1_137' title='bbox 963 3072 1106 3155; x_wconf 84' lang='lat' dir='ltr'><strong>atomis3</strong></span> <span class='ocrx_word' id='word_1_138' title='bbox 1125 3076 1185 3140; x_wconf 89' lang='lat' dir='ltr'><strong>aut</strong></span> <span class='ocrx_word' id='word_1_139' title='bbox 1209 3092 1253 3140; x_wconf 85' lang='lat' dir='ltr'><strong>ex</strong></span> <span class='ocrx_word' id='word_1_140' title='bbox 1269 3073 1421 3157; x_wconf 90' lang='lat' dir='ltr'><strong>impulsu</strong></span> 
     </span>
     <span class='ocr_line' id='line_1_22' title="bbox 416 3185 1419 3273; baseline 0.006 -23"><span class='ocrx_word' id='word_1_141' title='bbox 416 3185 619 3272; x_wconf 74' lang='lat' dir='ltr'><strong>uelimpetu</strong></span> <span class='ocrx_word' id='word_1_142' title='bbox 634 3186 762 3271; x_wconf 87' lang='lat' dir='ltr'><strong>priore,</strong></span> <span class='ocrx_word' id='word_1_143' title='bbox 776 3187 895 3272; x_wconf 78' lang='lat' dir='ltr'><strong>¹itaque</strong></span> <span class='ocrx_word' id='word_1_144' title='bbox 917 3188 1065 3273; x_wconf 81' lang='lat' dir='ltr'><strong>aliquam</strong></span> <span class='ocrx_word' id='word_1_145' title='bbox 1096 3206 1237 3255; x_wconf 88' lang='lat' dir='ltr'><strong>causam</strong></span> <span class='ocrx_word' id='word_1_146' title='bbox 1264 3190 1419 3269; x_wconf 86' lang='lat' dir='ltr'><strong>haberet,</strong></span> 
     </span>
     <span class='ocr_line' id='line_1_23' title="bbox 412 3302 1420 3390; baseline 0.004 -22"><span class='ocrx_word' id='word_1_147' title='bbox 412 3303 545 3369; x_wconf 81' lang='lat' dir='ltr'><strong>nedum</strong></span> <span class='ocrx_word' id='word_1_148' title='bbox 561 3302 638 3387; x_wconf 85' lang='lat' dir='ltr'><strong>ipsa</strong></span> <span class='ocrx_word' id='word_1_149' title='bbox 651 3306 744 3369; x_wconf 86' lang='lat' dir='ltr'><strong>esset</strong></span> <span class='ocrx_word' id='word_1_150' title='bbox 769 3303 893 3386; x_wconf 82' lang='lat' dir='ltr'><strong>orig03</strong></span> <span class='ocrx_word' id='word_1_151' title='bbox 912 3306 972 3370; x_wconf 89' lang='lat' dir='ltr'><strong>aut</strong></span> <span class='ocrx_word' id='word_1_152' title='bbox 988 3320 1032 3371; x_wconf 82' lang='lat' dir='ltr'><strong>ex</strong></span> <span class='ocrx_word' id='word_1_153' title='bbox 1057 3304 1176 3384; x_wconf 92' lang='lat' dir='ltr'><strong>nihilo,</strong></span> <span class='ocrx_word' id='word_1_154' title='bbox 1196 3304 1288 3389; x_wconf 86' lang='lat' dir='ltr'><strong>quod</strong></span> <span class='ocrx_word' id='word_1_155' title='bbox 1308 3322 1420 3390; x_wconf 87' lang='lat' dir='ltr'><strong>noque</strong></span> 
     </span>
     <span class='ocr_line' id='line_1_24' title="bbox 415 3417 1420 3505; baseline 0.003 -21"><span class='ocrx_word' id='word_1_156' title='bbox 415 3418 502 3485; x_wconf 81' lang='lat' dir='ltr'><strong>&#39;alias</strong></span> <span class='ocrx_word' id='word_1_157' title='bbox 519 3417 660 3485; x_wconf 90' lang='lat' dir='ltr'><strong>omnino</strong></span> <span class='ocrx_word' id='word_1_158' title='bbox 687 3418 920 3503; x_wconf 67' lang='lat' dir='ltr'><strong>intelligitur,</strong></span> <span class='ocrx_word' id='word_1_159' title='bbox 937 3434 1049 3505; x_wconf 84' lang='lat' dir='ltr'><strong>neque</strong></span> <span class='ocrx_word' id='word_1_160' title='bbox 1074 3420 1111 3486; x_wconf 88' lang='lat' dir='ltr'><strong>iu</strong></span> <span class='ocrx_word' id='word_1_161' title='bbox 1132 3420 1316 3488; x_wconf 88' lang='lat' dir='ltr'><strong>Democriti</strong></span> <span class='ocrx_word' id='word_1_162' title='bbox 1334 3421 1420 3487; x_wconf 74' lang='lat' dir='ltr'><strong>cloc-</strong></span> 
     </span>
     <span class='ocr_line' id='line_1_25' title="bbox 414 3532 1420 3618; baseline 0.003 -19"><span class='ocrx_word' id='word_1_163' title='bbox 414 3532 518 3601; x_wconf 85' lang='lat' dir='ltr'><strong>trin&#39;a.</strong></span> <span class='ocrx_word' id='word_1_164' title='bbox 535 3533 709 3603; x_wconf 76' lang='lat' dir='ltr'><strong>Pristinus</strong></span> <span class='ocrx_word' id='word_1_165' title='bbox 729 3534 837 3618; x_wconf 83' lang='lat' dir='ltr'><strong>igitur</strong></span> <span class='ocrx_word' id='word_1_166' title='bbox 867 3538 982 3602; x_wconf 86' lang='lat' dir='ltr'><strong>motus</strong></span> <span class='ocrx_word' id='word_1_167' title='bbox 1009 3538 1124 3602; x_wconf 88' lang='lat' dir='ltr'><strong>atomo</strong></span> <span class='ocrx_word' id='word_1_168' title='bbox 1150 3535 1321 3602; x_wconf 70' lang='lat' dir='ltr'><strong>&#39;incutitur</strong></span> <span class='ocrx_word' id='word_1_169' title='bbox 1350 3535 1420 3602; x_wconf 84' lang='lat' dir='ltr'><strong>iln-</strong></span> 
     </span>
    </p>
   </div>
   <div class='ocr_carea' id='block_1_6' title="bbox 415 3840 1422 4531">
    <p class='ocr_par' dir='ltr' id='par_1_7' title="bbox 454 3840 720 3912">
     <span class='ocr_line' id='line_1_26' title="bbox 454 3840 720 3912; baseline 0 -17"><span class='ocrx_word' id='word_1_170' title='bbox 454 3840 462 3874; x_wconf 87' lang='lat'>¹</span> <span class='ocrx_word' id='word_1_171' title='bbox 483 3844 536 3897; x_wconf 81' lang='lat' dir='ltr'><strong>Ecl.</strong></span> <span class='ocrx_word' id='word_1_172' title='bbox 548 3846 631 3912; x_wconf 68' lang='lat' dir='ltr'><strong>phys„</strong></span> <span class='ocrx_word' id='word_1_173' title='bbox 646 3854 669 3910; x_wconf 88' lang='lat'><strong>1,</strong></span> <span class='ocrx_word' id='word_1_174' title='bbox 684 3852 720 3896; x_wconf 73' lang='lat' dir='ltr'><strong>tl.</strong></span> 
     </span>
    </p>

    <p class='ocr_par' dir='ltr' id='par_1_8' title="bbox 453 3930 793 3996">
     <span class='ocr_line' id='line_1_27' title="bbox 453 3930 793 3996; baseline -0.003 -11"><span class='ocrx_word' id='word_1_175' title='bbox 453 3930 464 3961; x_wconf 81' lang='lat'><strong>¹</strong></span> <span class='ocrx_word' id='word_1_176' title='bbox 483 3934 563 3986; x_wconf 84' lang='lat' dir='ltr'><strong>Droo.</strong></span> <span class='ocrx_word' id='word_1_177' title='bbox 579 3935 691 3990; x_wconf 75' lang='lat' dir='ltr'><strong>Laaar„</strong></span> <span class='ocrx_word' id='word_1_178' title='bbox 708 3950 743 3996; x_wconf 85' lang='lat' dir='ltr'><strong>rx,</strong></span> <span class='ocrx_word' id='word_1_179' title='bbox 760 3939 793 3984; x_wconf 80' lang='lat' dir='ltr'><strong>u.</strong></span> 
     </span>
    </p>

    <p class='ocr_par' dir='ltr' id='par_1_9' title="bbox 415 4016 1422 4531">
     <span class='ocr_line' id='line_1_28' title="bbox 453 4016 1421 4092; baseline 0.002 -18"><span class='ocrx_word' id='word_1_180' title='bbox 453 4016 463 4052; x_wconf 80' lang='lat'>⁸</span> <span class='ocrx_word' id='word_1_181' title='bbox 484 4024 606 4074; x_wconf 76' lang='lat' dir='ltr'><strong>Luraisr.</strong></span> <span class='ocrx_word' id='word_1_182' title='bbox 622 4021 726 4076; x_wconf 79' lang='lat' dir='ltr'><strong>Dissert.</strong></span> <span class='ocrx_word' id='word_1_183' title='bbox 738 4040 781 4075; x_wconf 82' lang='lat' dir='ltr'><strong>sur</strong></span> <span class='ocrx_word' id='word_1_184' title='bbox 793 4023 818 4076; x_wconf 73' lang='lat' dir='ltr'><strong>io</strong></span> <span class='ocrx_word' id='word_1_185' title='bbox 830 4023 898 4075; x_wconf 81' lang='lat' dir='ltr'><strong>Ptil.</strong></span> <span class='ocrx_word' id='word_1_186' title='bbox 914 4022 1005 4084; x_wconf 76' lang='lat' dir='ltr'><strong>Arum..</strong></span> <span class='ocrx_word' id='word_1_187' title='bbox 1019 4041 1044 4092; x_wconf 90' lang='lat' dir='ltr'><strong>p.</strong></span> <span class='ocrx_word' id='word_1_188' title='bbox 1061 4029 1095 4075; x_wconf 80' lang='lat'><strong>75.</strong></span> <span class='ocrx_word' id='word_1_189' title='bbox 1118 4022 1204 4076; x_wconf 88' lang='lat' dir='ltr'><strong>Solum</strong></span> <span class='ocrx_word' id='word_1_190' title='bbox 1213 4022 1337 4077; x_wconf 76' lang='lat' dir='ltr'><strong>Stobaeum</strong></span> <span class='ocrx_word' id='word_1_191' title='bbox 1347 4025 1421 4076; x_wconf 84' lang='lat' dir='ltr'><strong>oscil-</strong></span> 
     </span>
     <span class='ocr_line' id='line_1_29' title="bbox 417 4105 1421 4181; baseline -0.001 -16"><span class='ocrx_word' id='word_1_192' title='bbox 417 4114 518 4165; x_wconf 83' lang='lat' dir='ltr'><strong>lationis</strong></span> <span class='ocrx_word' id='word_1_193' title='bbox 533 4108 635 4179; x_wconf 70' lang='grc' dir='ltr'><strong>(κίνησις</strong></span> <span class='ocrx_word' id='word_1_194' title='bbox 649 4110 713 4157; x_wconf 66' lang='grc' dir='ltr'><strong>κατὰ</strong></span> <span class='ocrx_word' id='word_1_195' title='bbox 729 4105 841 4179; x_wconf 57' lang='grc' dir='ltr'>παλμὸν)</span> <span class='ocrx_word' id='word_1_196' title='bbox 856 4115 997 4164; x_wconf 83' lang='lat' dir='ltr'><strong>meminisse</strong></span> <span class='ocrx_word' id='word_1_197' title='bbox 1010 4114 1157 4164; x_wconf 82' lang='lat' dir='ltr'><strong>invenimus.</strong></span> <span class='ocrx_word' id='word_1_198' title='bbox 1172 4112 1257 4176; x_wconf 86' lang='lat' dir='ltr'><strong>Quum</strong></span> <span class='ocrx_word' id='word_1_199' title='bbox 1271 4112 1421 4181; x_wconf 23' lang='lat' dir='ltr'><strong>auoemlPlu-</strong></span> 
     </span>
     <span class='ocr_line' id='line_1_30' title="bbox 417 4200 1422 4269; baseline -0.007 -14"><span class='ocrx_word' id='word_1_200' title='bbox 417 4202 519 4255; x_wconf 81' lang='lat' dir='ltr'><strong>turchos</strong></span> <span class='ocrx_word' id='word_1_201' title='bbox 535 4218 611 4269; x_wconf 87' lang='lat' dir='ltr'><strong>aquo</strong></span> <span class='ocrx_word' id='word_1_202' title='bbox 628 4201 733 4269; x_wconf 85' lang='lat' dir='ltr'><strong>plurima</strong></span> <span class='ocrx_word' id='word_1_203' title='bbox 751 4209 878 4255; x_wconf 86' lang='lat' dir='ltr'><strong>mutuatus</strong></span> <span class='ocrx_word' id='word_1_204' title='bbox 898 4210 936 4253; x_wconf 85' lang='lat' dir='ltr'><strong>ast</strong></span> <span class='ocrx_word' id='word_1_205' title='bbox 954 4202 1103 4268; x_wconf 76' lang='lat' dir='ltr'><strong>Eclogarum</strong></span> <span class='ocrx_word' id='word_1_206' title='bbox 1127 4204 1230 4269; x_wconf 84' lang='lat' dir='ltr'><strong>scriptor</strong></span> <span class='ocrx_word' id='word_1_207' title='bbox 1242 4201 1339 4268; x_wconf 66' lang='lat' dir='ltr'><strong>pisaco</strong></span> <span class='ocrx_word' id='word_1_208' title='bbox 1358 4200 1422 4248; x_wconf 70' lang='grc' dir='ltr'><strong>κατὰ</strong></span> 
     </span>
     <span class='ocr_line' id='line_1_31' title="bbox 416 4288 1419 4359; baseline 0.002 -18"><span class='ocrx_word' id='word_1_209' title='bbox 416 4288 604 4354; x_wconf 67' lang='grc' dir='ltr'><strong>πληγήνάἱοει,</strong></span> <span class='ocrx_word' id='word_1_210' title='bbox 623 4290 734 4342; x_wconf 91' lang='lat' dir='ltr'><strong>nonnulli</strong></span> <span class='ocrx_word' id='word_1_211' title='bbox 755 4290 823 4342; x_wconf 89' lang='lat' dir='ltr'><strong>haud</strong></span> <span class='ocrx_word' id='word_1_212' title='bbox 836 4293 956 4343; x_wconf 86' lang='lat' dir='ltr'><strong>immerito</strong></span> <span class='ocrx_word' id='word_1_213' title='bbox 969 4296 1135 4357; x_wconf 68' lang='lat' dir='ltr'><strong>conlocarunt,</strong></span> <span class='ocrx_word' id='word_1_214' title='bbox 1159 4293 1225 4359; x_wconf 86' lang='lat' dir='ltr'><strong>apud</strong></span> <span class='ocrx_word' id='word_1_215' title='bbox 1246 4290 1370 4345; x_wconf 73' lang='lat' dir='ltr'><strong>Stobaeum</strong></span> <span class='ocrx_word' id='word_1_216' title='bbox 1383 4292 1419 4343; x_wconf 85' lang='lat' dir='ltr'><strong>le-</strong></span> 
     </span>
     <span class='ocr_line' id='line_1_32' title="bbox 415 4374 1421 4451; baseline 0 -18"><span class='ocrx_word' id='word_1_217' title='bbox 415 4382 525 4451; x_wconf 76' lang='lat' dir='ltr'><strong>gendnm</strong></span> <span class='ocrx_word' id='word_1_218' title='bbox 542 4396 598 4432; x_wconf 76' lang='lat' dir='ltr'><strong>sesa</strong></span> <span class='ocrx_word' id='word_1_219' title='bbox 612 4377 676 4427; x_wconf 68' lang='grc' dir='ltr'><strong>κατὰ</strong></span> <span class='ocrx_word' id='word_1_220' title='bbox 688 4374 804 4442; x_wconf 64' lang='grc' dir='ltr'><strong>πλάγιον·</strong></span> <span class='ocrx_word' id='word_1_221' title='bbox 821 4379 951 4433; x_wconf 77' lang='lat' dir='ltr'><strong>Osoillatio</strong></span> <span class='ocrx_word' id='word_1_222' title='bbox 961 4383 1036 4448; x_wconf 79' lang='lat' dir='ltr'><strong>igitur</strong></span> <span class='ocrx_word' id='word_1_223' title='bbox 1055 4380 1125 4432; x_wconf 79' lang='lat' dir='ltr'><strong>nussn</strong></span> <span class='ocrx_word' id='word_1_224' title='bbox 1137 4389 1203 4433; x_wconf 79' lang='lat' dir='ltr'><strong>esset</strong></span> <span class='ocrx_word' id='word_1_225' title='bbox 1214 4388 1319 4442; x_wconf 64' lang='lat' dir='ltr'><strong>poscant</strong></span> <span class='ocrx_word' id='word_1_226' title='bbox 1336 4388 1421 4433; x_wconf 79' lang='lat' dir='ltr'><strong>antem</strong></span> 
     </span>
     <span class='ocr_line' id='line_1_33' title="bbox 415 4465 1160 4531; baseline 0.007 -15"><span class='ocrx_word' id='word_1_227' title='bbox 415 4477 511 4526; x_wconf 75' lang='lat' dir='ltr'><strong>tutum</strong></span> <span class='ocrx_word' id='word_1_228' title='bbox 523 4470 596 4525; x_wconf 77' lang='lat' dir='ltr'><strong>modo</strong></span> <span class='ocrx_word' id='word_1_229' title='bbox 609 4471 686 4531; x_wconf 70' lang='lat' dir='ltr'><strong>mbo,</strong></span> <span class='ocrx_word' id='word_1_230' title='bbox 698 4465 750 4529; x_wconf 72' lang='grc' dir='ltr'><strong>δινὴ</strong></span> <span class='ocrx_word' id='word_1_231' title='bbox 763 4479 788 4522; x_wconf 80' lang='lat' dir='ltr'><strong>at</strong></span> <span class='ocrx_word' id='word_1_232' title='bbox 799 4469 890 4528; x_wconf 80' lang='grc' dir='ltr'>κίνησις</span> <span class='ocrx_word' id='word_1_233' title='bbox 898 4469 953 4518; x_wconf 73' lang='grc' dir='ltr'><strong>κατ’</strong></span> <span class='ocrx_word' id='word_1_234' title='bbox 966 4465 1160 4528; x_wconf 52' lang='lat' dir='ltr'><strong>dnum.</strong></span> 
     </span>
    </p>
   </div>
   <div class='ocr_carea' id='block_1_7' title="bbox 0 0 1784 5544">
    <p class='ocr_par' dir='ltr' id='par_1_10' title="bbox 0 0 1784 5544">
     <span class='ocr_line' id='line_1_34' title="bbox 0 0 1784 5544; baseline 0 1"><span class='ocrx_word' id='word_1_235' title='bbox 0 0 1784 5544; x_wconf 95' lang='lat' dir='ltr'><strong> </strong></span> 
     </span>
    </p>
   </div>
  </div>
 </body>
</html>
