3560 5544
746 744 928 855 ..ιτ-ζ

317 928 471 997 efficiunt
481 928 507 1010 ¹,
520 933 560 998 ut
575 930 607 998 is
618 931 717 1017 quasi
733 946 862 1018 eorpus
872 933 919 999 sit
933 932 968 1000 in
982 951 1130 1019 corpore
1143 933 1168 1000 ¹.
1193 933 1326 1020 Duplex

317 1046 409 1114 inest
422 1045 616 1123 visunimo‚
633 1045 705 1113 vita
720 1064 844 1133 nempe
863 1052 897 1113 et
907 1047 1073 1132 cogitatio
1088 1065 1098 1131 ;
1117 1048 1326 1135 principium

318 1164 372 1229 est
389 1179 494 1246 quum
513 1166 639 1242 motus
659 1165 731 1228 tum
747 1161 901 1230 scientiae
914 1159 940 1229 ³.

363 1275 443 1343 Vita
464 1275 550 1343 nihil
563 1275 657 1344 uliud
679 1280 733 1343 est
751 1294 793 1343 uo
807 1281 922 1345 motus
935 1294 945 1360 3
959 1296 1066 1363 quum
1080 1282 1195 1346 autem
1211 1283 1325 1347 motus

320 1391 505 1476 cujuslibet
520 1390 613 1458 nulla
631 1391 699 1458 alia
714 1374 816 1476 origi
830 1393 875 1460 sit
901 1397 961 1461 aut
984 1411 1089 1463 causa
1105 1398 1233 1479 praeter
1252 1412 1326 1462 mo·

319 1510 392 1574 tum
409 1507 591 1593 quemdam
605 1507 769 1592 priorem,
782 1507 918 1575 unimus
931 1526 1000 1593 qun
1015 1513 1175 1577 movetur
1198 1528 1325 1596 eorpus

319 1624 439 1708 etipse
462 1625 642 1690 moveatur
651 1640 796 1689 neeesse
810 1627 863 1691 est
877 1620 892 1661 ⁴
906 1636 914 1689 :
932 1623 1014 1690 inde
1026 1624 1181 1708 seqnitur
1195 1629 1233 1691 ut
1254 1643 1325 1692 non

318 1739 469 1825 qualibet
482 1738 594 1805 sonna
609 1755 687 1804 esse
699 1736 810 1804 animi
822 1738 959 1824 possint
976 1739 1093 1806 atomi.
1110 1741 1194 1816 Quae
1209 1745 1325 1808 autem

319 1858 513 1922 atomorum
544 1855 671 1939 optime
695 1858 730 1922 et
760 1853 953 1921 diutissime
984 1859 1163 1939 acceptum
1193 1859 1326 1922 motum

319 1971 481 2051 retinent,
497 1974 598 2055 utque
611 1988 688 2036 eam
703 1970 747 2038 ob
762 1987 903 2037 causum
919 1988 1060 2039 movere
1078 1976 1227 2057 possunt
1243 1989 1326 2054 gra·

318 2086 593 2166 vioresatomos,
609 2085 768 2153 rotundae
783 2090 864 2153 sunt
889 2090 924 2152 et
955 2087 1165 2169 conglobata
1183 2087 1322 2169 fignm3

318 2202 455 2270 unimus
471 2202 579 2285 igitur
596 2201 755 2267 rotundis
786 2201 911 2269 atomis
940 2201 1160 2286 componitur
1173 2200 1199 2266 ⁵.
1215 2203 1325 2287 Cujus

317 2317 440 2384 lormae
456 2316 561 2385 atomi
593 2334 614 2382 a
630 2317 756 2382 Nostro
775 2314 943 2382 elementa
961 2314 1137 2383 ducuntur
1167 2315 1263 2399 ignis
1288 2317 1326 2383 et

317 2430 437 2511 animi,
455 2429 490 2496 id
504 2436 560 2497 est
573 2448 689 2497 rerum
702 2448 779 2514 quae
794 2434 876 2497 sunt
893 2430 1043 2497 maxime
1073 2437 1195 2498 tenues
1219 2434 1253 2499 et
1274 2431 1326 2499 iu·

316 2544 441 2613 oillime
458 2550 642 2613 moventur
657 2543 687 2628 ⁰3
707 2562 814 2631 quare
831 2544 922 2612 idem
937 2550 991 2612 est
1013 2551 1127 2614 motus
1149 2554 1183 2614 et
1213 2546 1322 2628 calor,

317 2659 619 2742 ignisetanimus3
637 2663 824 2745 perpetuus
837 2660 1085 2746 particularum
1113 2662 1218 2728 animi
1249 2680 1324 2730 mo·

317 2773 535 2842 tusoelorem
550 2773 671 2853 eflicit,
686 2777 746 2840 aut
767 2774 882 2859 potius
900 2774 975 2860 ipse
1004 2775 1099 2842 calor
1119 2781 1172 2842 est
1200 2795 1324 2862 corpo·

317 2889 378 2956 ris.
882 2956 885 2963 A

360 3005 439 3072 vivi
470 3003 607 3089 quidem
632 3004 791 3089 eorporis
817 3009 934 3089 partes
963 3010 1045 3073 sunt
1066 3024 1188 3073 omnes
1209 3006 1322 3088 vivae;

317 3137 462 3189 necesse
471 3123 525 3188 est
538 3119 648 3202 igitur
661 3119 799 3186 animus
818 3120 856 3187 in
870 3124 944 3187 toto
956 3138 1103 3206 corpore
1130 3121 1325 3207 pertunda-

317 3240 397 3320 tur;
412 3235 504 3303 unde
519 3242 722 3303 tamennon
738 3236 895 3322 sequitur
911 3236 1119 3323 ubicumque
1132 3236 1197 3304 sibi
1211 3255 1275 3322 par
1291 3240 1328 3305 et

316 3368 455 3438 aequum
466 3369 546 3419 esse
562 3351 645 3419 vitoe
658 3350 880 3437 principium.
905 3352 1061 3420 Diversis
1076 3352 1113 3419 in
1138 3351 1224 3420 loeis
1239 3352 1325 3420 resi·

316 3465 400 3534 dent
422 3466 516 3533 vires
548 3465 665 3533 animi.
699 3465 777 3532 Non
793 3469 908 3532 tamen
937 3465 1086 3534 fortusse
1100 3467 1204 3553 plane
1229 3466 1327 3534 uoui-

317 3582 481 3670 piendum
496 3586 550 3650 est
566 3581 601 3648 id
623 3581 716 3668 quod
736 3581 855 3648 retulit
882 3582 1103 3660 Plutarchus,
1137 3582 1269 3650 scilicet
1289 3581 1326 3650 in

316 3702 459 3784 pectore
472 3697 674 3766 collocatam
691 3713 770 3764 esse
795 3701 961 3778 mentem,
975 3700 1190 3782 caeterasque
1220 3694 1326 3763 animi

352 3899 361 3932 ¹
380 3905 487 3965 Amr„
502 3906 531 3956 de
543 3903 638 3966 Anius„
654 3902 903 3979 1‚i;Suou·,⁴Bcl.
916 3906 1002 3973 phys„
1018 3921 1035 3965 ι,
1051 3910 1093 3964 523
1109 3902 1182 3964 Cro„
1210 3901 1326 3964 Pascal„

314 4005 335 4053 Ι,
350 3997 387 4043 lt.

349 4074 361 4107 ⁸
377 4082 482 4142 Auser..
497 4083 527 4134 de
538 4081 623 4143 Anias.
640 4101 661 4147 ι,
675 4089 697 4135 5.

349 4162 362 4196 ⁸
378 4173 480 4236 Amen,
495 4173 524 4223 de
546 4172 629 4235 Anius,
645 4192 665 4235 ι,
681 4178 712 4234 ²3
728 4173 801 4236 Cro,
819 4171 959 4231 Turum,
973 4177 995 4223 ll
1015 4171 1201 4229 :Pnnrunou.,
1214 4170 1243 4220 rie
1255 4166 1329 4221 Pia.

311 4259 386 4323 etti..
401 4275 436 4311 ιν.
450 4266 474 4313 ³.

349 4338 482 4409 lemn..
496 4349 525 4400 de
537 4348 621 4410 Anius,
637 4368 656 4412 r,
671 4355 695 4400 ².

348 4431 361 4467 ⁸
379 4436 444 4489 ibid.

348 4516 476 4586 Quum,
489 4525 518 4577 de
532 4527 628 4589 Auia..
642 4545 663 4593 ι,
675 4532 705 4586 ²3
716 4529 745 4582 de
759 4527 832 4591 Cel,
843 4544 882 4587 nr,
895 4533 916 4578 l.
