3560 5544
780 776 822 793 ...
842 740 939 809 ll·-

334 880 444 948 canda
472 883 668 950 atomorum
698 875 856 945 doetrina
885 873 1058 947 effinxerit
1099 874 1327 963 ignoremus;

334 1013 437 1082 mam
453 999 571 1063 muron
583 1010 647 1080 pro
661 995 755 1061 oerto
777 989 972 1061 habendum
1003 1008 1082 1061 esse
1108 990 1243 1067 videtur
1265 993 1328 1067 De·

336 1106 518 1177 morn'tum
539 1105 739 1193 perfecisse,
756 1122 875 1192 quum,
902 1107 942 1173 ut
965 1104 1145 1191 opiniones
1162 1106 1280 1181 multae
1298 1108 1330 1175 ei

336 1222 559 1309 etLeuoippo
584 1237 786 1291 communes
813 1219 1033 1305 aratoribus
1045 1219 1255 1304 referuntur,
1283 1223 1330 1301 ita

336 1338 582 1419 sententiarum
596 1335 821 1424 quarumdam
831 1354 902 1403 non
918 1335 1045 1403 nullius
1059 1337 1224 1422 ponderis
1236 1356 1331 1411 men-

335 1455 384 1523 tio
403 1454 494 1529 facta
511 1454 569 1534 sit,
595 1470 741 1540 quarum
755 1469 845 1520 unus
873 1451 975 1519 ruerit
1005 1457 1162 1540 repertor
1178 1453 1208 1537 ¹3
1238 1455 1330 1525 haud

334 1570 442 1655 igitur
452 1568 625 1637 immerito
640 1566 800 1655 Leucippi
814 1566 1001 1654 discipulus
1016 1569 1177 1639 ethaeros
1194 1570 1330 1641 haben-

334 1686 400 1755 dus
416 1702 493 1754 esse
511 1684 661 1752 ridetur.
1109 1776 1112 1783 Ι

369 1799 710 1884 Anaxagoramidem
718 1798 1102 1877 audivisseavoteribus
1110 1801 1328 1895 quibusdam,

334 1935 478 2004 quorum
491 1933 557 1987 nos
567 1914 690 1983 fallunt
705 1915 858 1995 nomina,
875 1914 1032 1991 dieitur²;
1048 1934 1153 2002 quum
1170 1922 1326 1989 eontraa

335 2032 530 2101 Phavorino
560 2031 650 2119 apud
681 2031 854 2100 Laertium
884 2031 1057 2100 referatur
1083 2032 1329 2119 Anaxagoram

334 2148 552 2219 aouusarisse
566 2147 657 2234 quod
669 2146 796 2233 aliquid
809 2165 853 2215 ex
875 2146 998 2215 alienis
1013 2148 1158 2219 hortulis
1169 2167 1331 2235 sumpse-

335 2265 392 2345 rit,
407 2264 510 2350 idque
524 2262 649 2331 fecisse
662 2259 771 2328 iratus
780 2261 871 2347 qnod
884 2261 927 2329 ab
940 2261 1000 2329 illo
1015 2262 1163 2348 hospitio
1179 2280 1251 2331 non
1265 2282 1330 2331 ex-

335 2382 454 2465 oeptus
466 2375 603 2447 fuerit³.
617 2377 902 2447 Secundumvero
914 2379 1122 2448 Demetrium
1133 2379 1327 2465 quemdam,

335 2496 435 2580 cujus
461 2494 671 2563 mentionem
696 2491 777 2559 tacit
791 2492 961 2573 Laertius,
979 2510 1085 2578 quum
1099 2493 1251 2562 Athenas
1265 2513 1328 2567 ver

334 2611 452 2691 nisset,
463 2610 579 2696 ibique
587 2612 729 2696 propter
743 2607 845 2677 famae
854 2611 1098 2694 contemptum,
1109 2610 1250 2697 ignotus
1259 2631 1329 2681 ma·

329 2744 417 2797 uere
436 2725 614 2807 voluisset,
624 2724 755 2795 Socrati
768 2725 930 2804 occurrit,
938 2743 1041 2811 ‚quem
1064 2726 1221 2810 agnovit,
1248 2728 1328 2799 dom

332 2837 747 2929 ipsenonagnitosfuerit
760 2834 775 2875 ⁴
787 2853 797 2920 ;
811 2838 902 2905 unde
918 2843 1119 2924 sequeretur
1127 2842 1199 2909 tum
1207 2840 1328 2911 Socra·

333 2960 402 3023 tem
415 2959 487 3038 iam
501 2953 672 3033 floruisse,
683 2953 923 3038 ‘Nostrumque
949 2971 1060 3039 neque
1083 2956 1328 3041 Anaxagoram

333 3071 591 3155 sidereusque
616 3068 660 3136 ab
689 3086 732 3136 eo
753 3068 924 3155 repulsam
943 3069 1013 3155 pati
1033 3070 1198 3158 potuisse.
1220 3072 1328 3161 Quem

332 3189 500 3273 praeterea
510 3184 669 3252 laudibus
682 3184 940 3266 Anaxagoram,
955 3185 1045 3271 apud
1053 3185 1203 3267 Sextum,
1215 3187 1329 3259 extoi-

327 3297 421 3377 ‚lere,
432 3296 560 3383 nedum
572 3294 655 3362 furti
673 3312 751 3369 eum
766 3300 956 3377 accusaret,
976 3298 1329 3385 animadvertitAEgi-

334 3416 411 3484 dius
425 3413 605 3498 Menagius
617 3411 644 3479 ⁶.
664 3412 699 3480 Si
713 3431 796 3480 vero
811 3432 880 3481 non
895 3414 1009 3501 ipsum
1030 3415 1127 3496 vidit,
1155 3421 1189 3483 at
1208 3418 1328 3487 saltem

334 3530 462 3617 scripta
474 3531 551 3614 ejus
576 3529 694 3611 legere
720 3528 841 3615 potuit,
859 3546 937 3614 quae
953 3534 1087 3597 tantum
1100 3531 1190 3616 apud
1206 3531 1324 3603 Socra·

334 3650 402 3721 tem
413 3646 578 3730 juvenem
592 3640 817 3743 valuerunt⁶;
843 3648 978 3713 veteres
996 3663 1065 3713 uon
1077 3647 1181 3717 semel
1198 3649 1328 3741 Demo·

332 3760 456 3829 oritum
471 3777 549 3829 oum
575 3760 787 3843 Anaxagora
805 3758 909 3829 simul
935 3762 1123 3841 nominant,
1144 3767 1179 3831 et
1203 3763 1325 3851 placita

368 3948 375 3979 ¹
395 3954 496 4014 Aser..
510 3957 620 4022 posim
635 3948 800 4015 hmines,
821 3955 849 4005 te
862 3951 937 4006 Pto.
954 3955 1028 4022 pete..
1045 3970 1063 4013 1,
1080 3961 1114 4019 tt,
1131 3961 1166 4016 rr,
1180 3962 1220 4013 rm
1235 3954 1314 4010 sion.

332 4041 386 4094 mr
397 4044 479 4110 phys..
496 4058 516 4103 ι,
532 4050 565 4097 1⁴.
580 4048 616 4104 it,
635 4049 672 4102 tt,
687 4044 728 4095 ed·
742 4042 852 4095 Haerere.

368 4125 380 4157 ³
397 4130 597 4191 uncum..
612 4147 650 4194 rx,
663 4137 699 4181 (tt.

369 4212 380 4247 ³
399 4212 452 4278 Iu..
466 4235 501 4280 rx,
516 4224 550 4271 35,

369 4301 380 4335 ⁸
399 4308 450 4369 Im,
464 4323 500 4368 11,
515 4314 549 4360 tt.

369 4390 381 4426 ⁸
402 4394 498 4448 uam.
518 4408 540 4449 et
553 4397 655 4450 Emer.
676 4400 701 4449 in
714 4397 786 4465 Πίος.
802 4397 941 4459 hamar,
957 4396 1151 4465 summumne.

369 4479 381 4513 ⁸
402 4484 491 4547 Pur..
501 4485 601 4538 Puero.
