3560 5544
889 749 1049 817 ηο-

473 885 651 984 Ἀἔδκρίτης
667 890 791 980 prdie,
805 895 873 985 ὅπερ
884 889 1135 984 ἔστινέπικριτικὸν
1150 896 1267 960 πάντων
1281 899 1339 959 τῶν
1349 890 1473 985 γραφέν·

474 1033 532 1076 των
544 1003 625 1097 αὐτῷ
644 1005 806 1095 dubitor.»

516 1132 550 1195 7ο
574 1122 649 1217 Περὶ
678 1119 795 1189 εἰδώλου
821 1124 839 1193 ἢ
866 1120 930 1215 περὶ
956 1122 1104 1217 προνοίης.
1134 1157 1183 1176 ···
1215 1128 1314 1211 Diog.
1343 1129 1470 1207 laert,

470 1244 602 1313 ibid-
611 1244 682 1312 Nos
698 1244 822 1311 docent
836 1242 924 1324 Cic,
939 1239 1122 1314 deNotor.
1141 1243 1263 1322 Βοῶν,
1276 1260 1303 1323 ι,
1319 1244 1374 1323 12,
1391 1241 1470 1309 Plu-

471 1361 598 1443 tarch,
620 1359 798 1450 upupae,
827 1375 903 1436 vui,
930 1360 984 1434 10,
1006 1358 1129 1426 Sextus
1147 1358 1291 1444 Empir„
1309 1374 1362 1434 rx,
1388 1355 1465 1426 odo.

474 1473 658 1557 Matheo„
675 1473 908 1542 Democritum
919 1492 991 1541 non
1007 1473 1102 1542 nulla
1121 1474 1300 1562 scripsisse
1317 1472 1359 1542 de
1382 1473 1469 1540 divi-

471 1589 629 1672 natione;
646 1588 738 1656 haud
754 1588 864 1672 igitur
876 1588 1047 1656 immerito
1071 1587 1294 1656 arbitraberis
1311 1587 1405 1655 hunc
1432 1588 1469 1655 in

469 1701 535 1769 hoc
547 1700 713 1786 opusculo
735 1717 833 1767 suam
853 1700 895 1767 de
911 1699 1123 1783 imaginihus
1141 1699 1318 1768 divinitate
1336 1699 1468 1785 praedi·

469 1818 514 1885 tis
533 1816 738 1885 sententiam
750 1816 940 1903 aperuisse.

512 1933 547 1998 8ο
571 1925 645 2019 Περὶ
687 1925 813 2015 λογικῶν
848 1932 944 1991 κοινῶν
960 1923 1067 2015 α’β’γ’.
1104 1962 1153 1974 -
1181 1930 1295 2015 Diog„
1326 1933 1463 2011 Laeli„

467 2043 551 2113 ibid.
566 2080 610 2098 ·-
634 2046 674 2113 ln
695 2044 873 2114 veteribus
891 2043 1015 2111 Laertii
1044 2043 1216 2111 codicibus
1241 2044 1371 2128 legitur
1402 2041 1468 2135 περὶ

467 2155 699 2244 imperitando,
718 2157 810 2246 quod
822 2177 929 2227 sensu
950 2157 1149 2226 destitutum
1169 2163 1322 2244 apparet.
1340 2160 1467 2228 Felici-

468 2277 522 2342 ter
543 2273 653 2358 igitur
670 2275 894 2341 mutaverunt
918 2273 955 2341 in
978 2269 1103 2360 λογικῶν
1128 2275 1225 2334 κοινῶν
1252 2274 1465 2341 recentiores

465 2390 588 2458 critici.
599 2372 739 2457 ‘Etenim
747 2388 839 2475 apud
849 2388 942 2456 Sext.
957 2385 1189 2475 Empir.,ado.
1201 2387 1375 2475 Moth.,p.
1388 2389 1465 2469 163,

364 2528 366 2535 ¹
463 2504 592 2587 legitur
608 2519 616 2570 :
635 2528 649 2558 ι
662 2495 691 2563 ἐν
701 2493 732 2562 δὲ
741 2501 800 2572 τοῖς
816 2499 917 2564 κανόσι
932 2495 1074 2590 diapson
1088 2496 1295 2592 [Δημόκριτος]
1309 2499 1379 2565 εἶναι
1390 2500 1465 2589 γνῶ-

465 2637 536 2690 σκις.
554 2640 567 2670 ·
582 2618 743 2685 Fortasse
768 2616 872 2683 alium
887 2617 1013 2686 librum
1034 2615 1098 2709 περὶ
1112 2615 1222 2703 λοιμῶν
1234 2623 1333 2681 κακῶν
1351 2620 1464 2706 serip-

465 2738 558 2805 serat
576 2734 752 2803 Abderita.
772 2733 902 2802 Gellius
919 2735 1010 2803 enim
1031 2736 1104 2804 ait:
1134 2738 1238 2821 0Ego
1268 2737 1465 2823 nuperrime

466 2853 503 2920 in
535 2851 624 2919 libro
657 2850 886 2936 Theophrasti
917 2852 1083 2939 scriptum
1119 2830 1237 2922 inveni
1265 2854 1464 2940 viperarum

465 2967 638 3037 morsibus
669 2966 844 3035 tibicinem
866 2968 950 3035 scite
994 2962 1233 3056 modulateque
1275 2970 1464 3038 adhibitum

464 3082 607 3152 mederi.
641 3080 762 3149 Refert
789 3080 892 3149 etiam
921 3082 1013 3151 idem
1046 3084 1233 3152 Democriti
1256 3083 1381 3153 librum
1406 3086 1464 3171 qui

466 3191 740 3284 inscribiturttepi
758 3193 899 3279 λοιμῶνῆ
918 3192 1056 3282 λοιμικῶν
1074 3203 1173 3260 κακῶν
1191 3219 1200 3266 :
1222 3200 1260 3267 in
1279 3219 1347 3286 quo
1364 3199 1463 3268 docet

463 3314 619 3403 plurimis
635 3313 814 3381 hominum
827 3315 1001 3405 morsibus
1009 3317 1212 3388 medicinam
1230 3318 1335 3386 fuisse
1345 3319 1462 3386 incen-

462 3433 576 3500 tiones
593 3430 766 3499 tibiarum.
786 3427 1119 3516 »Noct.Attic.,1v,
1137 3434 1192 3535 ld.

507 3557 541 3623 9ο
564 3549 639 3646 Περὶ
652 3557 710 3616 τῶν
726 3549 754 3615 ἐν
768 3547 933 3641 ᾌδοο.-ί
956 3558 1057 3643 Diog.
1088 3560 1216 3637 baert,
1247 3574 1298 3637 m,
1330 3558 1386 3624 46.
1419 3592 1462 3609 -

461 3673 613 3758 Hujusce
627 3672 859 3741 meminerunt
875 3675 1075 3755 Athenaeus,
1095 3692 1144 3757 ru,
1178 3675 1232 3756 te,
1249 3673 1405 3755 Procius,
1425 3674 1461 3741 in

464 3787 650 3858 document.
665 3786 1066 3880 ioPiotouioRemp.,x,
1081 3809 1114 3877 p.
1125 3791 1202 3868 614,
1214 3788 1267 3858 ed.
1281 3768 1416 3876 ‘Steph.,
1428 3794 1462 3858 et

462 3903 584 3975 suidas
616 3904 705 3992 ipse,
725 3924 773 3974 ν.
806 3901 1004 3996 Τριτογένεια.
1021 3908 1119 3974 Patet
1144 3904 1247 3973 eliam
1275 3905 1342 3973 hoc
1374 3921 1460 3990 opus

461 4020 614 4089 omnium
628 4038 801 4090 consensu
815 4023 1008 4090 Democrito
1022 4022 1188 4091 tributum
1197 4020 1304 4089 fuisse
1316 4037 1326 4104 3
1340 4024 1461 4088 auctor

460 4129 554 4198 enim
568 4129 724 4214 epistolae
736 4149 814 4218 quae
828 4132 892 4200 sub
907 4132 1052 4201 Senatus
1066 4131 1251 4220 Populique
1284 4131 1460 4203 Abderitae

460 4244 600 4313 nomine
623 4245 667 4312 ad
681 4245 923 4333 Hippocratem
939 4248 982 4315 de
997 4246 1190 4316 Democrito
1205 4246 1459 4333 mehtestorp.-

462 4364 497 4427 ta
511 4365 576 4442 est,
588 4360 631 4426 ad
646 4361 930 4435 hunoDemocriti
938 4362 1064 4435 librum
1088 4362 1254 4449 respexit,
1277 4366 1376 4435 raus
1390 4361 1457 4433 sei·

460 4475 541 4543 licet
556 4476 659 4547 fidem
668 4476 965 4553 habituramhane
977 4478 1249 4553 commentitiam
1259 4477 1456 4565 epistolam,
