3560 5544
882 753 1040 819 ..12-

464 887 560 973 plura
587 885 722 970 utrique
749 882 944 951 communia
972 882 1164 948 memorant
1178 877 1210 961 ¹3
1225 875 1339 945 omnia
1365 874 1457 944 enim

463 1005 605 1088 uterque
644 1018 688 1068 ex
725 998 971 1067 elementorum
1025 992 1250 1081 permixtione
1282 995 1454 1071 constare,

463 1134 657 1204 quanquam
668 1132 739 1182 non
762 1113 884 1181 eadem
901 1130 977 1181 esse
992 1114 1113 1197 putant
1129 1109 1310 1190 elementa,
1328 1109 1456 1175 conflr-

463 1234 569 1299 mant.
589 1230 709 1298 Plures
726 1247 860 1314 quoque
873 1228 1112 1312 Pythagoreos
1122 1224 1295 1292 audivisse
1312 1222 1453 1302 dicitur;

463 1365 610 1434 namque
627 1345 827 1432 Thrasyllus
845 1344 1137 1432 apudLaertium:
1170 1372 1185 1408 ι
1207 1346 1297 1412 Δοκεῖ
1313 1339 1345 1411 a
1359 1344 1455 1420 taio·

463 1471 513 1543 τὴς
539 1466 689 1558 γεγονέναι
706 1462 756 1529 καὶ
771 1471 828 1530 τῶν
850 1463 1063 1557 Πυθαγορικῶν
1084 1479 1095 1502 ·
1113 1462 1191 1527 &aa
1217 1460 1267 1526 καὶ
1289 1457 1377 1527 αὐτοῦ
1405 1464 1455 1525 τοῦ

463 1581 639 1676 Πυθαγόρου
669 1581 835 1668 μέμνηται,
875 1579 1034 1669 θαυμάζων
1054 1574 1142 1643 αὐτὸν
1179 1575 1208 1643 ἐν
1241 1583 1284 1666 τῷ
1309 1576 1455 1666 ὁμωνύμῳ

462 1700 686 1790 συγγράμματι.
702 1696 809 1761 Πάντα
826 1692 856 1762 δὲ
875 1691 954 1761 δοκεῖ
965 1693 1047 1788 παρὰ
1069 1693 1170 1759 τούτου
1189 1691 1288 1760 λαὸιῖν
1305 1691 1356 1757 καὶ
1369 1689 1457 1757 αὑτοῦ

462 1807 527 1880 δ’ἆν
542 1813 707 1893 ἀκηκοέναι,
734 1812 811 1900 εἰμὴ
830 1811 867 1876 τνὶ
887 1818 944 1877 τῶν
970 1817 1083 1905 χρόνων
1102 1807 1229 1898 ἐμάχετο
1246 1810 1271 1871 ².
1298 1831 1308 1862 ν
1338 1803 1372 1872 Si
1387 1823 1457 1872 non

459 1926 574 2011 ‚ipsum
605 1924 821 2008 Magistrum,
849 1927 1000 1992 atcerte
1027 1922 1265 2006 Pythagoreos
1292 1921 1457 2005 quosdam

463 2039 653 2120 audiverat,
670 2057 793 2125 nempe
808 2039 999 2106 Philolaum
1014 2037 1173 2118 forsitan,
1193 2055 1310 2123 quum,
1333 2052 1456 2104 secum

462 2155 542 2224 dum
561 2154 818 2241 Apollodorum,
836 2154 957 2222 iisdem
970 2153 1125 2241 fueritac
1142 2151 1199 2219 iile
1209 2151 1420 2238 temporibus
1429 2149 1454 2220 ³.
1548 2196 1553 2207 ,

462 2271 702 2358 Pythagoreos
716 2270 824 2354 igitur
838 2269 882 2338 ab
899 2288 939 2336 eo
955 2268 1090 2336 auditos
1107 2266 1216 2335 fuisse
1230 2266 1313 2334 mihi
1335 2266 1456 2334 verisi-

462 2388 733 2467 miliusvidetur‚
749 2396 853 2474 quum
874 2405 944 2453 non
968 2386 1071 2454 nullis
1092 2404 1211 2454 eorum
1238 2384 1456 2471 opinionibus

464 2502 648 2571 conveniat
654 2518 664 2586 3
684 2503 713 2568 si
725 2503 802 2586 quis
809 2505 924 2569 tamen
932 2501 1013 2569 velit
1027 2521 1106 2569 eum
1120 2502 1331 2587 Pythagorae
1348 2500 1458 2568 tuisse

462 2616 680 2696 imitatorem,
698 2612 919 2683 ultraverum
931 2616 1067 2696 labitur,
1085 2616 1176 2702 quod
1199 2615 1300 2702 plane
1316 2632 1458 2701 appare·

462 2731 527 2813 bit,
543 2749 647 2817 quum
662 2728 850 2798 sententias
865 2732 941 2814 ejus
955 2731 1255 2816 explicaverimus.
1278 2732 1371 2798 inter
1382 2729 1457 2816 phi·

463 2845 628 2933 iosophos
646 2863 792 2931 quorum
807 2849 979 2932 praecepta
1001 2847 1173 2932 acceperit
1190 2850 1249 2914 aut
1273 2844 1459 2913 sententias

463 2964 507 3030 sit
522 2964 673 3043 secutus,
687 2980 756 3030 non
770 2966 995 3030 numerantur
1003 2964 1153 3035 Eleatesr
1170 2962 1331 3030 laudabat
1344 2965 1459 3029 tamen

464 3079 536 3147 suis
549 3079 585 3146 in
600 3078 738 3163 scriptis
747 3078 987 3145 parmenidem
997 3082 1031 3146 et
1039 3082 1210 3147 Zenonem
1218 3077 1244 3159 ⁴,
1255 3078 1346 3165 quod
1360 3078 1458 3146 facile

462 3192 610 3261 infidem
625 3193 846 3278 accipiemus,
860 3211 962 3279 quum
978 3211 1022 3260 ex
1038 3194 1082 3259 iis
1097 3194 1274 3262 foreortus
1284 3193 1340 3272 sit,
1351 3210 1458 3278 quan-

464 3325 563 3393 quam
579 3306 820 3374 universarum
835 3326 963 3386 rerum,
995 3326 1096 3393 quam
1124 3308 1243 3389 credit,
1266 3307 1457 3393 dissipate,

465 3423 687 3490 vehementer
702 3441 780 3489 cum
811 3423 983 3491 sententia
1017 3426 1191 3509 repugnat
1216 3422 1458 3503 Eleaticorum,

464 3535 521 3623 qui
536 3536 652 3602 omnia
668 3536 820 3603 inunum
836 3539 1026 3619 coegerunt
1043 3540 1078 3604 et
1091 3540 1348 3604 contraxerunt.

507 3653 693 3737 Postquam
714 3651 840 3721 itinera
873 3651 1033 3733 confecit,
1063 3671 1183 3721 eorum
1213 3653 1459 3736 magistrorum

466 3767 645 3854 praeceptis
673 3767 836 3847 imbutus,
861 3767 1008 3855 patriam
1041 3769 1209 3855 repetivit.
1244 3769 1352 3854 cujus
1381 3767 1462 3835 vitae

466 3883 591 3964 Graeci,
605 3883 851 3951 miraculorum
867 3884 1108 3965 amantissimi,
1133 3886 1212 3952 ficta
1242 3884 1388 3972 piurima
1403 3884 1463 3951 ad-

466 3999 688 4067 miscuerunt.
705 3999 771 4066 Alii
785 3999 877 4067 enim
900 4001 1040 4069 tradunt
1067 4000 1180 4087 ipsum
1206 4018 1244 4070 se
1258 4000 1367 4068 oculis
1386 3999 1464 4087 pri-

502 4212 510 4245 ¹
530 4216 690 4278 horinum,
710 4219 738 4270 dc
756 4218 825 4271 Piae.
835 4221 908 4285 phil,
922 4237 940 4281 r,
957 4227 991 4283 17,
1006 4218 1331 4288 sven-,Bc1.ptpr.,1,ar.

500 4300 512 4332 ⁸
530 4304 609 4357 Droo.
625 4305 737 4366 Luam,
753 4321 789 4370 11,
804 4312 839 4360 ³8.

501 4386 511 4418 ⁸
530 4393 701 4461 Apianae,
721 4395 781 4447 ibid.

504 4474 515 4511 ⁶
538 4482 616 4535 Dreu.
632 4483 739 4546 Ιυιιιιυ,1
758 4501 793 4547 rx,
810 4492 843 4537 ta.
