<?xml version="1.0" encoding="UTF-8"?>
<!DOCTYPE html PUBLIC "-//W3C//DTD XHTML 1.0 Transitional//EN"
    "http://www.w3.org/TR/xhtml1/DTD/xhtml1-transitional.dtd">
<html xmlns="http://www.w3.org/1999/xhtml" xml:lang="en" lang="en">
 <head>
  <title>
</title>
<meta http-equiv="Content-Type" content="text/html;charset=utf-8" />
  <meta name='ocr-system' content='tesseract 3.04.00' />
  <meta name='ocr-capabilities' content='ocr_page ocr_carea ocr_par ocr_line ocrx_word'/>
</head>
<body>
  <div class='ocr_page' id='page_1' title='image "./dedemocritophil00liargoog_0034.png"; bbox 0 0 3560 5544; ppageno 0'>
   <div class='ocr_carea' id='block_1_1' title="bbox 694 766 854 827">
    <p class='ocr_par' dir='ltr' id='par_1_1' title="bbox 694 766 854 827">
     <span class='ocr_line' id='line_1_1' title="bbox 694 766 854 827; baseline -0.006 -15"><span class='ocrx_word' id='word_1_1' title='bbox 694 766 854 827; x_wconf 50' lang='lat'>47..</span> 
     </span>
    </p>
   </div>
   <div class='ocr_carea' id='block_1_2' title="bbox 272 901 1302 4567">
    <p class='ocr_par' dir='ltr' id='par_1_2' title="bbox 274 901 1287 1103">
     <span class='ocr_line' id='line_1_2' title="bbox 277 901 1287 991; baseline -0.003 -17"><span class='ocrx_word' id='word_1_2' title='bbox 277 902 524 988; x_wconf 67' lang='lat' dir='ltr'>Anaxagoram</span> <span class='ocrx_word' id='word_1_3' title='bbox 543 902 670 991; x_wconf 87' lang='lat' dir='ltr'>aliquid</span> <span class='ocrx_word' id='word_1_4' title='bbox 684 920 809 988; x_wconf 80' lang='lat' dir='ltr'>nempe</span> <span class='ocrx_word' id='word_1_5' title='bbox 824 901 964 981; x_wconf 81' lang='lat' dir='ltr'>sensile,</span> <span class='ocrx_word' id='word_1_6' title='bbox 976 918 1044 987; x_wconf 86' lang='lat' dir='ltr'>qno</span> <span class='ocrx_word' id='word_1_7' title='bbox 1058 901 1287 971; x_wconf 85' lang='lat' dir='ltr'>continentur.</span> 
     </span>
     <span class='ocr_line' id='line_1_3' title="bbox 274 1017 1048 1103; baseline -0.006 -15"><span class='ocrx_word' id='word_1_8' title='bbox 274 1021 460 1103; x_wconf 88' lang='lat' dir='ltr'>contraria,</span> <span class='ocrx_word' id='word_1_9' title='bbox 471 1024 507 1090; x_wconf 84' lang='lat' dir='ltr'>et</span> <span class='ocrx_word' id='word_1_10' title='bbox 521 1021 612 1089; x_wconf 90' lang='lat' dir='ltr'>uude</span> <span class='ocrx_word' id='word_1_11' title='bbox 628 1038 686 1088; x_wconf 93' lang='lat' dir='ltr'>res</span> <span class='ocrx_word' id='word_1_12' title='bbox 700 1019 846 1087; x_wconf 84' lang='lat' dir='ltr'>effluunt</span> <span class='ocrx_word' id='word_1_13' title='bbox 862 1017 1048 1087; x_wconf 81' lang='lat' dir='ltr'>universae.</span> 
     </span>
    </p>

    <p class='ocr_par' dir='ltr' id='par_1_3' title="bbox 272 1135 1302 3296">
     <span class='ocr_line' id='line_1_4' title="bbox 319 1135 1274 1224; baseline 0 -21"><span class='ocrx_word' id='word_1_14' title='bbox 319 1137 452 1205; x_wconf 86' lang='lat' dir='ltr'>Eleates</span> <span class='ocrx_word' id='word_1_15' title='bbox 465 1155 550 1205; x_wconf 86' lang='lat' dir='ltr'>vero</span> <span class='ocrx_word' id='word_1_16' title='bbox 559 1136 627 1204; x_wconf 92' lang='lat' dir='ltr'>illis</span> <span class='ocrx_word' id='word_1_17' title='bbox 637 1136 738 1224; x_wconf 88' lang='lat' dir='ltr'>plane</span> <span class='ocrx_word' id='word_1_18' title='bbox 752 1136 1001 1217; x_wconf 85' lang='lat' dir='ltr'>adversantur3</span> <span class='ocrx_word' id='word_1_19' title='bbox 1018 1139 1167 1203; x_wconf 86' lang='lat' dir='ltr'>mentem</span> <span class='ocrx_word' id='word_1_20' title='bbox 1183 1135 1274 1203; x_wconf 91' lang='lat' dir='ltr'>enim</span> 
     </span>
     <span class='ocr_line' id='line_1_5' title="bbox 276 1248 1274 1335; baseline -0.003 -17"><span class='ocrx_word' id='word_1_21' title='bbox 276 1250 448 1329; x_wconf 74' lang='lat' dir='ltr'>sensibus,</span> <span class='ocrx_word' id='word_1_22' title='bbox 466 1250 637 1317; x_wconf 89' lang='lat' dir='ltr'>rationem</span> <span class='ocrx_word' id='word_1_23' title='bbox 654 1248 808 1335; x_wconf 90' lang='lat' dir='ltr'>opinioni</span> <span class='ocrx_word' id='word_1_24' title='bbox 822 1251 1013 1335; x_wconf 88' lang='lat' dir='ltr'>opponunt,</span> <span class='ocrx_word' id='word_1_25' title='bbox 1033 1265 1138 1333; x_wconf 87' lang='lat' dir='ltr'>quum</span> <span class='ocrx_word' id='word_1_26' title='bbox 1164 1248 1274 1316; x_wconf 86' lang='lat' dir='ltr'>sensi·</span> 
     </span>
     <span class='ocr_line' id='line_1_6' title="bbox 277 1362 1274 1452; baseline 0 -21"><span class='ocrx_word' id='word_1_27' title='bbox 277 1364 342 1431; x_wconf 92' lang='lat' dir='ltr'>bus</span> <span class='ocrx_word' id='word_1_28' title='bbox 358 1383 415 1432; x_wconf 89' lang='lat' dir='ltr'>res</span> <span class='ocrx_word' id='word_1_29' title='bbox 430 1364 652 1452; x_wconf 85' lang='lat' dir='ltr'>proterantur</span> <span class='ocrx_word' id='word_1_30' title='bbox 668 1381 746 1450; x_wconf 86' lang='lat' dir='ltr'>quae</span> <span class='ocrx_word' id='word_1_31' title='bbox 763 1363 879 1449; x_wconf 88' lang='lat' dir='ltr'>plures</span> <span class='ocrx_word' id='word_1_32' title='bbox 892 1366 984 1442; x_wconf 90' lang='lat' dir='ltr'>sunt,</span> <span class='ocrx_word' id='word_1_33' title='bbox 1003 1365 1037 1429; x_wconf 91' lang='lat' dir='ltr'>et</span> <span class='ocrx_word' id='word_1_34' title='bbox 1059 1362 1181 1441; x_wconf 82' lang='lat' dir='ltr'>variae,</span> <span class='ocrx_word' id='word_1_35' title='bbox 1197 1381 1274 1449; x_wconf 86' lang='lat' dir='ltr'>quae</span> 
     </span>
     <span class='ocr_line' id='line_1_7' title="bbox 275 1478 1273 1567; baseline -0.002 -19"><span class='ocrx_word' id='word_1_36' title='bbox 275 1480 422 1567; x_wconf 88' lang='lat' dir='ltr'>denique</span> <span class='ocrx_word' id='word_1_37' title='bbox 437 1485 632 1560; x_wconf 88' lang='lat' dir='ltr'>moventur,</span> <span class='ocrx_word' id='word_1_38' title='bbox 648 1479 782 1548; x_wconf 86' lang='lat' dir='ltr'>ratione</span> <span class='ocrx_word' id='word_1_39' title='bbox 797 1482 918 1547; x_wconf 85' lang='lat' dir='ltr'>eontra</span> <span class='ocrx_word' id='word_1_40' title='bbox 925 1482 1136 1562; x_wconf 83' lang='lat' dir='ltr'>agnoscatur</span> <span class='ocrx_word' id='word_1_41' title='bbox 1150 1478 1185 1546; x_wconf 92' lang='lat' dir='ltr'>id</span> <span class='ocrx_word' id='word_1_42' title='bbox 1198 1483 1273 1546; x_wconf 86' lang='lat' dir='ltr'>tan-</span> 
     </span>
     <span class='ocr_line' id='line_1_8' title="bbox 275 1593 1272 1682; baseline -0.003 -19"><span class='ocrx_word' id='word_1_43' title='bbox 275 1600 346 1663; x_wconf 88' lang='lat' dir='ltr'>tum</span> <span class='ocrx_word' id='word_1_44' title='bbox 362 1596 464 1664; x_wconf 95' lang='lat' dir='ltr'>modo</span> <span class='ocrx_word' id='word_1_45' title='bbox 477 1613 555 1664; x_wconf 90' lang='lat' dir='ltr'>esse</span> <span class='ocrx_word' id='word_1_46' title='bbox 568 1596 658 1682; x_wconf 80' lang='lat' dir='ltr'>quod</span> <span class='ocrx_word' id='word_1_47' title='bbox 682 1613 789 1662; x_wconf 90' lang='lat' dir='ltr'>unum</span> <span class='ocrx_word' id='word_1_48' title='bbox 801 1593 856 1663; x_wconf 88' lang='lat' dir='ltr'>sit.</span> <span class='ocrx_word' id='word_1_49' title='bbox 875 1593 963 1663; x_wconf 90' lang='lat' dir='ltr'>Nihil</span> <span class='ocrx_word' id='word_1_50' title='bbox 977 1593 1069 1661; x_wconf 88' lang='lat' dir='ltr'>enirn</span> <span class='ocrx_word' id='word_1_51' title='bbox 1083 1594 1272 1661; x_wconf 91' lang='lat' dir='ltr'>secundum</span> 
     </span>
     <span class='ocr_line' id='line_1_9' title="bbox 273 1704 1274 1790; baseline 0.001 -13"><span class='ocrx_word' id='word_1_52' title='bbox 273 1728 334 1777; x_wconf 86' lang='lat' dir='ltr'>eos</span> <span class='ocrx_word' id='word_1_53' title='bbox 352 1711 468 1779; x_wconf 81' lang='lat' dir='ltr'>existit</span> <span class='ocrx_word' id='word_1_54' title='bbox 481 1712 550 1779; x_wconf 88' lang='lat' dir='ltr'>nisi</span> <span class='ocrx_word' id='word_1_55' title='bbox 564 1704 597 1772; x_wconf 84' lang='grc' dir='ltr'>τὸ</span> <span class='ocrx_word' id='word_1_56' title='bbox 613 1708 662 1786; x_wconf 72' lang='grc' dir='ltr'>ὅνς</span> <span class='ocrx_word' id='word_1_57' title='bbox 681 1710 771 1778; x_wconf 87' lang='lat' dir='ltr'>ultra</span> <span class='ocrx_word' id='word_1_58' title='bbox 790 1709 876 1777; x_wconf 90' lang='lat' dir='ltr'>nibil</span> <span class='ocrx_word' id='word_1_59' title='bbox 891 1712 954 1777; x_wconf 89' lang='lat' dir='ltr'>est.</span> <span class='ocrx_word' id='word_1_60' title='bbox 972 1711 1081 1778; x_wconf 80' lang='lat' dir='ltr'>Porro</span> <span class='ocrx_word' id='word_1_61' title='bbox 1093 1729 1274 1790; x_wconf 90' lang='lat' dir='ltr'>numerus,</span> 
     </span>
     <span class='ocr_line' id='line_1_10' title="bbox 272 1823 1275 1910; baseline 0.004 -21"><span class='ocrx_word' id='word_1_62' title='bbox 272 1823 435 1905; x_wconf 83' lang='lat' dir='ltr'>varietas,</span> <span class='ocrx_word' id='word_1_63' title='bbox 454 1824 632 1909; x_wconf 83' lang='lat' dir='ltr'>generatio</span> <span class='ocrx_word' id='word_1_64' title='bbox 661 1827 696 1892; x_wconf 88' lang='lat' dir='ltr'>et</span> <span class='ocrx_word' id='word_1_65' title='bbox 727 1823 902 1909; x_wconf 77' lang='lat' dir='ltr'>corruptio</span> <span class='ocrx_word' id='word_1_66' title='bbox 931 1824 968 1891; x_wconf 91' lang='lat' dir='ltr'>in</span> <span class='ocrx_word' id='word_1_67' title='bbox 986 1824 1096 1910; x_wconf 88' lang='lat' dir='ltr'>spatio</span> <span class='ocrx_word' id='word_1_68' title='bbox 1129 1829 1212 1893; x_wconf 92' lang='lat' dir='ltr'>sunt</span> <span class='ocrx_word' id='word_1_69' title='bbox 1241 1830 1275 1893; x_wconf 94' lang='lat' dir='ltr'>et</span> 
     </span>
     <span class='ocr_line' id='line_1_11' title="bbox 274 1937 1275 2026; baseline -0.006 -20"><span class='ocrx_word' id='word_1_70' title='bbox 274 1940 370 2007; x_wconf 88' lang='lat' dir='ltr'>fiunt.</span> <span class='ocrx_word' id='word_1_71' title='bbox 396 1938 484 2017; x_wconf 89' lang='lat' dir='ltr'>Quid</span> <span class='ocrx_word' id='word_1_72' title='bbox 495 1942 611 2006; x_wconf 90' lang='lat' dir='ltr'>autem</span> <span class='ocrx_word' id='word_1_73' title='bbox 623 1938 794 2026; x_wconf 81' lang='lat' dir='ltr'>spatiumt</span> <span class='ocrx_word' id='word_1_74' title='bbox 807 1939 845 2006; x_wconf 98' lang='lat' dir='ltr'>ld</span> <span class='ocrx_word' id='word_1_75' title='bbox 869 1940 999 2007; x_wconf 90' lang='lat' dir='ltr'>scilicet</span> <span class='ocrx_word' id='word_1_76' title='bbox 1014 1959 1083 2026; x_wconf 88' lang='lat' dir='ltr'>quo</span> <span class='ocrx_word' id='word_1_77' title='bbox 1101 1937 1133 2002; x_wconf 85' lang='grc' dir='ltr'>τὸ</span> <span class='ocrx_word' id='word_1_78' title='bbox 1146 1940 1177 2002; x_wconf 72' lang='grc' dir='ltr'>ὅν</span> <span class='ocrx_word' id='word_1_79' title='bbox 1193 1962 1275 2011; x_wconf 93' lang='lat' dir='ltr'>con·</span> 
     </span>
     <span class='ocr_line' id='line_1_12' title="bbox 275 2054 1275 2142; baseline 0.002 -19"><span class='ocrx_word' id='word_1_80' title='bbox 275 2055 416 2129; x_wconf 80' lang='lat' dir='ltr'>tinetur,</span> <span class='ocrx_word' id='word_1_81' title='bbox 446 2056 538 2142; x_wconf 83' lang='lat' dir='ltr'>quod</span> <span class='ocrx_word' id='word_1_82' title='bbox 554 2056 662 2140; x_wconf 71' lang='lat' dir='ltr'>igitur</span> <span class='ocrx_word' id='word_1_83' title='bbox 689 2060 787 2122; x_wconf 83' lang='lat' dir='ltr'>extra</span> <span class='ocrx_word' id='word_1_84' title='bbox 812 2054 897 2123; x_wconf 90' lang='lat' dir='ltr'>illud</span> <span class='ocrx_word' id='word_1_85' title='bbox 919 2060 986 2127; x_wconf 82' lang='lat' dir='ltr'>est.</span> <span class='ocrx_word' id='word_1_86' title='bbox 1004 2057 1120 2142; x_wconf 86' lang='lat' dir='ltr'>itaque</span> <span class='ocrx_word' id='word_1_87' title='bbox 1133 2059 1275 2127; x_wconf 93' lang='lat' dir='ltr'>omnino</span> 
     </span>
     <span class='ocr_line' id='line_1_13' title="bbox 276 2170 1302 2271; baseline 0.002 -32"><span class='ocrx_word' id='word_1_88' title='bbox 276 2188 343 2239; x_wconf 91' lang='lat' dir='ltr'>uon</span> <span class='ocrx_word' id='word_1_89' title='bbox 355 2175 419 2239; x_wconf 88' lang='lat' dir='ltr'>est.</span> <span class='ocrx_word' id='word_1_90' title='bbox 438 2171 473 2238; x_wconf 91' lang='lat' dir='ltr'>Si</span> <span class='ocrx_word' id='word_1_91' title='bbox 487 2190 571 2239; x_wconf 89' lang='lat' dir='ltr'>vero</span> <span class='ocrx_word' id='word_1_92' title='bbox 597 2170 745 2257; x_wconf 88' lang='lat' dir='ltr'>spatium</span> <span class='ocrx_word' id='word_1_93' title='bbox 760 2188 830 2237; x_wconf 91' lang='lat' dir='ltr'>non</span> <span class='ocrx_word' id='word_1_94' title='bbox 846 2174 911 2251; x_wconf 89' lang='lat' dir='ltr'>est,</span> <span class='ocrx_word' id='word_1_95' title='bbox 927 2172 1014 2238; x_wconf 92' lang='lat' dir='ltr'>nibil</span> <span class='ocrx_word' id='word_1_96' title='bbox 1029 2177 1081 2240; x_wconf 90' lang='lat' dir='ltr'>est</span> <span class='ocrx_word' id='word_1_97' title='bbox 1102 2173 1274 2241; x_wconf 77' lang='lat' dir='ltr'>intervalli</span> <span class='ocrx_word' id='word_1_98' title='bbox 1296 2264 1302 2271; x_wconf 16' lang='grc' dir='ltr'>ἱ</span> 
     </span>
     <span class='ocr_line' id='line_1_14' title="bbox 275 2287 1277 2373; baseline 0.003 -19"><span class='ocrx_word' id='word_1_99' title='bbox 275 2287 366 2356; x_wconf 90' lang='lat' dir='ltr'>inter</span> <span class='ocrx_word' id='word_1_100' title='bbox 402 2305 550 2373; x_wconf 86' lang='lat' dir='ltr'>corpora</span> <span class='ocrx_word' id='word_1_101' title='bbox 574 2291 634 2355; x_wconf 86' lang='lat' dir='ltr'>ant</span> <span class='ocrx_word' id='word_1_102' title='bbox 656 2287 774 2354; x_wconf 91' lang='lat' dir='ltr'>mundi</span> <span class='ocrx_word' id='word_1_103' title='bbox 797 2290 937 2372; x_wconf 86' lang='lat' dir='ltr'>partes;</span> <span class='ocrx_word' id='word_1_104' title='bbox 963 2305 1071 2355; x_wconf 87' lang='lat' dir='ltr'>unum</span> <span class='ocrx_word' id='word_1_105' title='bbox 1098 2289 1277 2373; x_wconf 81' lang='lat' dir='ltr'>igiturest</span> 
     </span>
     <span class='ocr_line' id='line_1_15' title="bbox 276 2400 1275 2490; baseline 0 -18"><span class='ocrx_word' id='word_1_106' title='bbox 276 2400 309 2462; x_wconf 64' lang='grc' dir='ltr'>τὸ</span> <span class='ocrx_word' id='word_1_107' title='bbox 322 2401 368 2477; x_wconf 81' lang='grc' dir='ltr'>ὄν,</span> <span class='ocrx_word' id='word_1_108' title='bbox 380 2406 415 2472; x_wconf 92' lang='lat' dir='ltr'>et</span> <span class='ocrx_word' id='word_1_109' title='bbox 436 2404 496 2489; x_wconf 88' lang='lat' dir='ltr'>qui</span> <span class='ocrx_word' id='word_1_110' title='bbox 509 2408 650 2488; x_wconf 91' lang='lat' dir='ltr'>putatur</span> <span class='ocrx_word' id='word_1_111' title='bbox 665 2422 783 2471; x_wconf 90' lang='lat' dir='ltr'>rerum</span> <span class='ocrx_word' id='word_1_112' title='bbox 797 2421 976 2483; x_wconf 90' lang='lat' dir='ltr'>numerus,</span> <span class='ocrx_word' id='word_1_113' title='bbox 993 2421 1085 2471; x_wconf 86' lang='lat' dir='ltr'>vana</span> <span class='ocrx_word' id='word_1_114' title='bbox 1095 2405 1275 2490; x_wconf 78' lang='lat' dir='ltr'>effingitur</span> 
     </span>
     <span class='ocr_line' id='line_1_16' title="bbox 276 2510 1285 2607; baseline 0.003 -23"><span class='ocrx_word' id='word_1_115' title='bbox 276 2517 420 2603; x_wconf 67' lang='lat' dir='ltr'>smcies.</span> <span class='ocrx_word' id='word_1_116' title='bbox 436 2520 612 2586; x_wconf 76' lang='lat' dir='ltr'>Praeterea</span> <span class='ocrx_word' id='word_1_117' title='bbox 627 2523 755 2600; x_wconf 86' lang='lat' dir='ltr'>motus,</span> <span class='ocrx_word' id='word_1_118' title='bbox 770 2518 921 2603; x_wconf 87' lang='lat' dir='ltr'>quumiu</span> <span class='ocrx_word' id='word_1_119' title='bbox 936 2510 1014 2588; x_wconf 77' lang='lat' dir='ltr'>loc&#39;o</span> <span class='ocrx_word' id='word_1_120' title='bbox 1031 2520 1180 2607; x_wconf 85' lang='lat' dir='ltr'>quodam</span> <span class='ocrx_word' id='word_1_121' title='bbox 1196 2522 1285 2589; x_wconf 86' lang='lat' dir='ltr'>deri.</span> 
     </span>
     <span class='ocr_line' id='line_1_17' title="bbox 276 2629 1263 2722; baseline 0.005 -25"><span class='ocrx_word' id='word_1_122' title='bbox 276 2629 409 2711; x_wconf 85' lang='lat' dir='ltr'>debeat,</span> <span class='ocrx_word' id='word_1_123' title='bbox 425 2630 456 2699; x_wconf 92' lang='lat' dir='ltr'>si</span> <span class='ocrx_word' id='word_1_124' title='bbox 473 2632 607 2699; x_wconf 91' lang='lat' dir='ltr'>nullum</span> <span class='ocrx_word' id='word_1_125' title='bbox 634 2636 688 2700; x_wconf 92' lang='lat' dir='ltr'>est</span> <span class='ocrx_word' id='word_1_126' title='bbox 711 2632 874 2718; x_wconf 83' lang='lat' dir='ltr'>spatium,</span> <span class='ocrx_word' id='word_1_127' title='bbox 903 2632 1020 2701; x_wconf 90' lang='lat' dir='ltr'>nullus</span> <span class='ocrx_word' id='word_1_128' title='bbox 1041 2639 1075 2702; x_wconf 92' lang='lat' dir='ltr'>et</span> <span class='ocrx_word' id='word_1_129' title='bbox 1104 2636 1180 2722; x_wconf 91' lang='lat' dir='ltr'>ipse</span> <span class='ocrx_word' id='word_1_130' title='bbox 1197 2641 1263 2704; x_wconf 89' lang='lat' dir='ltr'>est.</span> 
     </span>
     <span class='ocr_line' id='line_1_18' title="bbox 277 2745 1273 2834; baseline 0.003 -19"><span class='ocrx_word' id='word_1_131' title='bbox 277 2745 459 2815; x_wconf 85' lang='lat' dir='ltr'>Generatio</span> <span class='ocrx_word' id='word_1_132' title='bbox 489 2747 636 2833; x_wconf 88' lang='lat' dir='ltr'>denique</span> <span class='ocrx_word' id='word_1_133' title='bbox 659 2752 693 2815; x_wconf 97' lang='lat' dir='ltr'>et</span> <span class='ocrx_word' id='word_1_134' title='bbox 724 2749 912 2834; x_wconf 85' lang='lat' dir='ltr'>corruptio,</span> <span class='ocrx_word' id='word_1_135' title='bbox 936 2767 1015 2834; x_wconf 86' lang='lat' dir='ltr'>quae</span> <span class='ocrx_word' id='word_1_136' title='bbox 1041 2754 1156 2819; x_wconf 87' lang='lat' dir='ltr'>motus</span> <span class='ocrx_word' id='word_1_137' title='bbox 1179 2755 1273 2831; x_wconf 89' lang='lat' dir='ltr'>sunt,</span> 
     </span>
     <span class='ocr_line' id='line_1_19' title="bbox 278 2861 1274 2950; baseline 0.002 -21"><span class='ocrx_word' id='word_1_138' title='bbox 278 2861 353 2929; x_wconf 90' lang='lat' dir='ltr'>sine</span> <span class='ocrx_word' id='word_1_139' title='bbox 370 2861 496 2948; x_wconf 89' lang='lat' dir='ltr'>spatio,</span> <span class='ocrx_word' id='word_1_140' title='bbox 513 2862 618 2930; x_wconf 89' lang='lat' dir='ltr'>nullae</span> <span class='ocrx_word' id='word_1_141' title='bbox 635 2868 716 2932; x_wconf 92' lang='lat' dir='ltr'>sunt</span> <span class='ocrx_word' id='word_1_142' title='bbox 735 2877 743 2928; x_wconf 75' lang='grc' dir='ltr'><em>τ</em></span> <span class='ocrx_word' id='word_1_143' title='bbox 772 2881 879 2948; x_wconf 86' lang='lat' dir='ltr'>quare</span> <span class='ocrx_word' id='word_1_144' title='bbox 891 2863 1103 2932; x_wconf 75' lang='lat' dir='ltr'>immutabile</span> <span class='ocrx_word' id='word_1_145' title='bbox 1118 2869 1170 2934; x_wconf 89' lang='lat' dir='ltr'>est</span> <span class='ocrx_word' id='word_1_146' title='bbox 1183 2864 1274 2950; x_wconf 85' lang='lat' dir='ltr'>quod</span> 
     </span>
     <span class='ocr_line' id='line_1_20' title="bbox 276 2980 1276 3066; baseline 0 -19"><span class='ocrx_word' id='word_1_147' title='bbox 276 2983 341 3048; x_wconf 89' lang='lat' dir='ltr'>est.</span> <span class='ocrx_word' id='word_1_148' title='bbox 358 2980 464 3063; x_wconf 84' lang='lat' dir='ltr'>Ergo,</span> <span class='ocrx_word' id='word_1_149' title='bbox 480 2998 586 3066; x_wconf 83' lang='lat' dir='ltr'>quum</span> <span class='ocrx_word' id='word_1_150' title='bbox 601 2981 779 3061; x_wconf 90' lang='lat' dir='ltr'>unitatem,</span> <span class='ocrx_word' id='word_1_151' title='bbox 807 2980 1093 3061; x_wconf 84' lang='lat' dir='ltr'>immobilitatem,</span> <span class='ocrx_word' id='word_1_152' title='bbox 1113 2983 1276 3049; x_wconf 89' lang='lat' dir='ltr'>immuta·</span> 
     </span>
     <span class='ocr_line' id='line_1_21' title="bbox 274 3092 1273 3172; baseline 0 -12"><span class='ocrx_word' id='word_1_153' title='bbox 274 3092 438 3162; x_wconf 89' lang='lat' dir='ltr'>bilitatem</span> <span class='ocrx_word' id='word_1_154' title='bbox 453 3095 502 3155; x_wconf 76' lang='grc' dir='ltr'>τοῦ</span> <span class='ocrx_word' id='word_1_155' title='bbox 516 3092 596 3165; x_wconf 76' lang='grc' dir='ltr'><strong>ὄντος</strong></span> <span class='ocrx_word' id='word_1_156' title='bbox 608 3096 696 3163; x_wconf 91' lang='lat' dir='ltr'>ratio</span> <span class='ocrx_word' id='word_1_157' title='bbox 713 3095 876 3172; x_wconf 75' lang='lat' dir='ltr'>declaret,</span> <span class='ocrx_word' id='word_1_158' title='bbox 895 3097 1108 3162; x_wconf 88' lang='lat' dir='ltr'>mentiuntur</span> <span class='ocrx_word' id='word_1_159' title='bbox 1135 3111 1273 3172; x_wconf 87' lang='lat' dir='ltr'>seusus,</span> 
     </span>
     <span class='ocr_line' id='line_1_22' title="bbox 278 3209 1275 3296; baseline -0.002 -19"><span class='ocrx_word' id='word_1_160' title='bbox 278 3227 388 3296; x_wconf 87' lang='lat' dir='ltr'>neque</span> <span class='ocrx_word' id='word_1_161' title='bbox 399 3210 474 3278; x_wconf 86' lang='lat' dir='ltr'>fieri</span> <span class='ocrx_word' id='word_1_162' title='bbox 491 3216 638 3296; x_wconf 85' lang='lat' dir='ltr'>possunt</span> <span class='ocrx_word' id='word_1_163' title='bbox 650 3228 828 3290; x_wconf 88' lang='lat' dir='ltr'>numerus,</span> <span class='ocrx_word' id='word_1_164' title='bbox 844 3215 971 3291; x_wconf 89' lang='lat' dir='ltr'>motus,</span> <span class='ocrx_word' id='word_1_165' title='bbox 986 3212 1042 3277; x_wconf 85' lang='lat' dir='ltr'>rel</span> <span class='ocrx_word' id='word_1_166' title='bbox 1057 3209 1275 3277; x_wconf 84' lang='lat' dir='ltr'>mutationes.</span> 
     </span>
    </p>

    <p class='ocr_par' dir='ltr' id='par_1_4' title="bbox 275 3324 1281 4567">
     <span class='ocr_line' id='line_1_23' title="bbox 320 3324 1277 3412; baseline 0.002 -23"><span class='ocrx_word' id='word_1_167' title='bbox 320 3325 528 3411; x_wconf 80' lang='lat' dir='ltr'>&#39;temporum</span> <span class='ocrx_word' id='word_1_168' title='bbox 550 3325 687 3412; x_wconf 88' lang='lat' dir='ltr'>quidem</span> <span class='ocrx_word' id='word_1_169' title='bbox 714 3324 884 3393; x_wconf 88' lang='lat' dir='ltr'>rationem</span> <span class='ocrx_word' id='word_1_170' title='bbox 911 3325 1157 3406; x_wconf 81' lang='lat' dir='ltr'>consideranti,</span> <span class='ocrx_word' id='word_1_171' title='bbox 1187 3326 1277 3393; x_wconf 90' lang='lat' dir='ltr'>inter</span> 
     </span>
     <span class='ocr_line' id='line_1_24' title="bbox 275 3439 1278 3527; baseline 0.002 -21"><span class='ocrx_word' id='word_1_172' title='bbox 275 3457 335 3507; x_wconf 90' lang='lat' dir='ltr'>eas</span> <span class='ocrx_word' id='word_1_173' title='bbox 350 3439 522 3508; x_wconf 82' lang='lat' dir='ltr'>frontibus</span> <span class='ocrx_word' id='word_1_174' title='bbox 543 3440 701 3508; x_wconf 85' lang='lat' dir='ltr'>adversis</span> <span class='ocrx_word' id='word_1_175' title='bbox 716 3444 915 3527; x_wconf 77' lang='lat' dir='ltr'>pugnantes</span> <span class='ocrx_word' id='word_1_176' title='bbox 936 3440 1087 3521; x_wconf 89' lang='lat' dir='ltr'>scholas,</span> <span class='ocrx_word' id='word_1_177' title='bbox 1112 3443 1278 3510; x_wconf 88' lang='lat' dir='ltr'>transitus</span> 
     </span>
     <span class='ocr_line' id='line_1_25' title="bbox 276 3554 1275 3642; baseline 0.001 -21"><span class='ocrx_word' id='word_1_178' title='bbox 276 3554 340 3622; x_wconf 86' lang='lat' dir='ltr'>fuit</span> <span class='ocrx_word' id='word_1_179' title='bbox 356 3555 654 3640; x_wconf 73' lang='lat' dir='ltr'>Pythagoreorum</span> <span class='ocrx_word' id='word_1_180' title='bbox 664 3555 860 3641; x_wconf 88' lang='lat' dir='ltr'>disciplina;</span> <span class='ocrx_word' id='word_1_181' title='bbox 872 3573 929 3622; x_wconf 88' lang='lat' dir='ltr'>res</span> <span class='ocrx_word' id='word_1_182' title='bbox 938 3572 1027 3627; x_wconf 76' lang='lat' dir='ltr'>,vero</span> <span class='ocrx_word' id='word_1_183' title='bbox 1037 3557 1275 3642; x_wconf 89' lang='lat' dir='ltr'>perpendenti,</span> 
     </span>
     <span class='ocr_line' id='line_1_26' title="bbox 275 3670 1278 3756; baseline 0 -18"><span class='ocrx_word' id='word_1_184' title='bbox 275 3671 367 3738; x_wconf 92' lang='lat' dir='ltr'>iuter</span> <span class='ocrx_word' id='word_1_185' title='bbox 378 3677 561 3755; x_wconf 86' lang='lat' dir='ltr'>utramque</span> <span class='ocrx_word' id='word_1_186' title='bbox 586 3670 685 3756; x_wconf 88' lang='lat' dir='ltr'>quasi</span> <span class='ocrx_word' id='word_1_187' title='bbox 700 3670 927 3738; x_wconf 87' lang='lat' dir='ltr'>internuntia.</span> <span class='ocrx_word' id='word_1_188' title='bbox 956 3670 1164 3756; x_wconf 75' lang='lat' dir='ltr'>Pythagorei</span> <span class='ocrx_word' id='word_1_189' title='bbox 1186 3671 1278 3741; x_wconf 90' lang='lat' dir='ltr'>euim</span> 
     </span>
     <span class='ocr_line' id='line_1_27' title="bbox 275 3786 1278 3872; baseline 0.001 -18"><span class='ocrx_word' id='word_1_190' title='bbox 275 3805 354 3854; x_wconf 89' lang='lat' dir='ltr'>cum</span> <span class='ocrx_word' id='word_1_191' title='bbox 368 3786 494 3855; x_wconf 87' lang='lat' dir='ltr'>Ionicis</span> <span class='ocrx_word' id='word_1_192' title='bbox 506 3786 738 3866; x_wconf 87' lang='lat' dir='ltr'>consentiunt,</span> <span class='ocrx_word' id='word_1_193' title='bbox 754 3805 860 3872; x_wconf 86' lang='lat' dir='ltr'>quum</span> <span class='ocrx_word' id='word_1_194' title='bbox 877 3786 1028 3854; x_wconf 80' lang='lat' dir='ltr'>existere</span> <span class='ocrx_word' id='word_1_195' title='bbox 1043 3787 1190 3854; x_wconf 89' lang='lat' dir='ltr'>creduut</span> <span class='ocrx_word' id='word_1_196' title='bbox 1200 3805 1278 3869; x_wconf 81' lang='lat' dir='ltr'>quae</span> 
     </span>
     <span class='ocr_line' id='line_1_28' title="bbox 276 3902 1277 3990; baseline 0 -20"><span class='ocrx_word' id='word_1_197' title='bbox 276 3902 452 3970; x_wconf 88' lang='lat' dir='ltr'>numerari</span> <span class='ocrx_word' id='word_1_198' title='bbox 467 3906 632 3990; x_wconf 85' lang='lat' dir='ltr'>possuut;</span> <span class='ocrx_word' id='word_1_199' title='bbox 648 3920 725 3970; x_wconf 84' lang='lat' dir='ltr'>curu</span> <span class='ocrx_word' id='word_1_200' title='bbox 740 3902 913 3979; x_wconf 81' lang='lat' dir='ltr'>Eleaticis,</span> <span class='ocrx_word' id='word_1_201' title='bbox 927 3920 1032 3986; x_wconf 88' lang='lat' dir='ltr'>quum</span> <span class='ocrx_word' id='word_1_202' title='bbox 1045 3902 1101 3970; x_wconf 80' lang='lat' dir='ltr'>via</span> <span class='ocrx_word' id='word_1_203' title='bbox 1118 3902 1277 3971; x_wconf 90' lang='lat' dir='ltr'>rationali</span> 
     </span>
     <span class='ocr_line' id='line_1_29' title="bbox 276 4016 1278 4102; baseline 0.003 -19"><span class='ocrx_word' id='word_1_204' title='bbox 276 4021 410 4086; x_wconf 90' lang='lat' dir='ltr'>tanturn</span> <span class='ocrx_word' id='word_1_205' title='bbox 438 4021 592 4086; x_wconf 88' lang='lat' dir='ltr'>utuntur.</span> <span class='ocrx_word' id='word_1_206' title='bbox 621 4018 775 4102; x_wconf 88' lang='lat' dir='ltr'>Namque</span> <span class='ocrx_word' id='word_1_207' title='bbox 801 4017 837 4086; x_wconf 93' lang='lat' dir='ltr'>in</span> <span class='ocrx_word' id='word_1_208' title='bbox 865 4018 970 4085; x_wconf 88' lang='lat' dir='ltr'>rebus</span> <span class='ocrx_word' id='word_1_209' title='bbox 998 4016 1082 4084; x_wconf 91' lang='lat' dir='ltr'>nibil</span> <span class='ocrx_word' id='word_1_210' title='bbox 1115 4017 1278 4086; x_wconf 85' lang='lat' dir='ltr'>sensibile</span> 
     </span>
     <span class='ocr_line' id='line_1_30' title="bbox 276 4131 1280 4218; baseline 0.002 -20"><span class='ocrx_word' id='word_1_211' title='bbox 276 4131 496 4212; x_wconf 86' lang='lat' dir='ltr'>invenerunt,</span> <span class='ocrx_word' id='word_1_212' title='bbox 514 4132 575 4199; x_wconf 90' lang='lat' dir='ltr'>sed</span> <span class='ocrx_word' id='word_1_213' title='bbox 587 4149 765 4213; x_wconf 89' lang='lat' dir='ltr'>numeros,</span> <span class='ocrx_word' id='word_1_214' title='bbox 785 4150 872 4217; x_wconf 86' lang='lat' dir='ltr'>quos</span> <span class='ocrx_word' id='word_1_215' title='bbox 885 4131 964 4199; x_wconf 90' lang='lat' dir='ltr'>ideo</span> <span class='ocrx_word' id='word_1_216' title='bbox 977 4131 1148 4218; x_wconf 86' lang='lat' dir='ltr'>principia</span> <span class='ocrx_word' id='word_1_217' title='bbox 1163 4150 1280 4200; x_wconf 91' lang='lat' dir='ltr'>rerum</span> 
     </span>
     <span class='ocr_line' id='line_1_31' title="bbox 277 4246 1281 4337; baseline 0.001 -23"><span class='ocrx_word' id='word_1_218' title='bbox 277 4266 356 4316; x_wconf 87' lang='lat' dir='ltr'>esse</span> <span class='ocrx_word' id='word_1_219' title='bbox 388 4248 615 4318; x_wconf 85' lang='lat' dir='ltr'>arbitrantur.</span> <span class='ocrx_word' id='word_1_220' title='bbox 647 4248 849 4337; x_wconf 82' lang='lat' dir='ltr'>corporalia</span> <span class='ocrx_word' id='word_1_221' title='bbox 876 4247 986 4331; x_wconf 79' lang='lat' dir='ltr'>igitur</span> <span class='ocrx_word' id='word_1_222' title='bbox 1000 4246 1094 4316; x_wconf 91' lang='lat' dir='ltr'>nulla</span> <span class='ocrx_word' id='word_1_223' title='bbox 1111 4266 1189 4317; x_wconf 90' lang='lat' dir='ltr'>esse</span> <span class='ocrx_word' id='word_1_224' title='bbox 1214 4248 1281 4315; x_wconf 88' lang='lat' dir='ltr'>ha-</span> 
     </span>
     <span class='ocr_line' id='line_1_32' title="bbox 277 4362 1281 4445; baseline -0.001 -13"><span class='ocrx_word' id='word_1_225' title='bbox 277 4362 375 4445; x_wconf 90' lang='lat' dir='ltr'>bent,</span> <span class='ocrx_word' id='word_1_226' title='bbox 401 4382 473 4433; x_wconf 90' lang='lat' dir='ltr'>uon</span> <span class='ocrx_word' id='word_1_227' title='bbox 497 4364 546 4433; x_wconf 74' lang='lat' dir='ltr'>ita</span> <span class='ocrx_word' id='word_1_228' title='bbox 561 4368 679 4433; x_wconf 87' lang='lat' dir='ltr'>tamen</span> <span class='ocrx_word' id='word_1_229' title='bbox 706 4366 744 4433; x_wconf 93' lang='lat' dir='ltr'>ut</span> <span class='ocrx_word' id='word_1_230' title='bbox 770 4363 1001 4435; x_wconf 81' lang='lat' dir='ltr'>Eleaticorum</span> <span class='ocrx_word' id='word_1_231' title='bbox 1023 4363 1234 4433; x_wconf 90' lang='lat' dir='ltr'>immobilem</span> <span class='ocrx_word' id='word_1_232' title='bbox 1245 4368 1281 4432; x_wconf 90' lang='lat' dir='ltr'>et</span> 
     </span>
     <span class='ocr_line' id='line_1_33' title="bbox 277 4478 1279 4567; baseline 0.002 -22"><span class='ocrx_word' id='word_1_233' title='bbox 277 4478 462 4548; x_wconf 83' lang='lat' dir='ltr'>indivisam</span> <span class='ocrx_word' id='word_1_234' title='bbox 477 4478 733 4567; x_wconf 88' lang='lat' dir='ltr'>simplicitatem</span> <span class='ocrx_word' id='word_1_235' title='bbox 745 4480 948 4563; x_wconf 82' lang='lat' dir='ltr'>admittant3</span> <span class='ocrx_word' id='word_1_236' title='bbox 964 4496 1034 4549; x_wconf 93' lang='lat' dir='ltr'>nou</span> <span class='ocrx_word' id='word_1_237' title='bbox 1047 4478 1147 4548; x_wconf 87' lang='lat' dir='ltr'>aliter</span> <span class='ocrx_word' id='word_1_238' title='bbox 1161 4496 1279 4547; x_wconf 85' lang='lat' dir='ltr'>rerum</span> 
     </span>
    </p>
   </div>
   <div class='ocr_carea' id='block_1_3' title="bbox 0 0 1790 5544">
    <p class='ocr_par' dir='ltr' id='par_1_5' title="bbox 0 0 1790 5544">
     <span class='ocr_line' id='line_1_34' title="bbox 0 0 1790 5544; baseline 0 0"><span class='ocrx_word' id='word_1_239' title='bbox 0 0 1790 5544; x_wconf 95' lang='lat' dir='ltr'> </span> 
     </span>
    </p>
   </div>
  </div>
 </body>
</html>
