3560 5544
911 794 948 808 ..
970 760 1014 826 ῃ
1028 794 1069 811 -

489 897 709 979 nenmtesao
735 894 998 976 multitudinem,
1029 895 1080 963 ita
1109 899 1147 963 ut
1162 910 1339 962 numerus-
1355 897 1489 963 mum

367 1042 370 1049 ·
489 1011 546 1091 sit,
561 1011 597 1078 in
613 1029 680 1096 quo
691 1011 824 1080 finitum
844 1016 879 1078 at
896 1011 1080 1090 inlinitum,
1097 1012 1212 1078 unitas
1229 1014 1265 1078 et
1287 1009 1490 1095 multiplici-

489 1130 547 1195 tos
556 1127 755 1195 miscentur.
770 1126 1031 1210 conjiciendum
1044 1131 1098 1196 est
1113 1127 1236 1213 primis
1260 1129 1487 1213 Pythagoreis

488 1243 953 1329 numerosnonexemplaria
976 1262 1094 1312 rerum
1114 1245 1351 1312 tantummodo
1364 1244 1483 1325 fuisse,

489 1356 551 1424 sad
580 1374 638 1424 res
660 1359 775 1442 ipsas3
808 1376 876 1443 qna
902 1358 1073 1425 sententis
1096 1376 1203 1443 quum
1231 1359 1485 1427 multitudinem

487 1489 617 1553 rerum,
634 1491 712 1558 quae
740 1472 900 1542 sensibus
934 1473 1213 1559 deprehenditur,
1246 1491 1318 1540 non
1345 1474 1489 1542 omnino·

488 1586 634 1667 deleant,
649 1586 708 1654 sed
719 1586 942 1672 multiplicem
955 1587 1172 1655 essenumeri
1183 1587 1362 1665 unitatem,
1371 1593 1486 1656 mente

487 1705 702 1788 conceptam,
718 1703 958 1787 profiteantur,
973 1701 1100 1768 rationi
1115 1702 1344 1784 satisfaciunt,
1372 1720 1484 1790 noque

487 1819 603 1884 tamen
612 1817 655 1883 iis
666 1821 864 1902 repugnant
877 1836 956 1903 qum
969 1817 1118 1885 maxime
1133 1819 1292 1886 sensibus
1306 1818 1483 1886 declaran-
1505 1894 1510 1903 Ι

487 1937 555 1998 tur:

530 2045 677 2114 sednon
693 2065 755 2134 per
767 2065 930 2114 numeros
956 2051 1089 2115 tentum
1113 2066 1258 2129 cumea,
1280 2067 1358 2135 quoe
1373 2050 1482 2117 senti-

486 2165 555 2239 tur,
570 2161 890 2248 multitudineque
920 2162 1126 2246 intelligitur
1149 2163 1315 2232 unitatem
1336 2183 1482 2250 compo·
1568 2236 1569 2245 ,

484 2295 567 2345 nere
580 2277 670 2345 licet.
689 2279 1092 2363 Pythagoreusquidam,
1117 2280 1313 2365 Ecpbantes
1336 2281 1481 2365 Syracu·

483 2391 607 2471 sensis,
626 2392 724 2477 qussi
753 2393 932 2460 materiem
949 2394 1055 2461 meris
1068 2394 1221 2460 numeris
1238 2411 1259 2461 a
1281 2395 1481 2480 Pythagora

484 2507 645 2590 cogitatis
660 2508 861 2592 subjiciens,
884 2509 1064 2590 monades,
1078 2513 1116 2576 ut
1131 2527 1153 2575 a
1167 2510 1303 2577 stobaeo
1319 2510 1479 2592 refertur,

484 2625 683 2711 corporales
702 2641 780 2692 esse
793 2602 1024 2692 arbitrabatur
1038 2624 1062 2690 ¹.
1087 2626 1139 2692 ΕΣ
1159 2625 1217 2692 illa
1235 2626 1479 2711 Pythagoricae

484 2737 652 2806 docminee
678 2740 899 2826 corruptione
926 2739 1018 2806 viam
1048 2739 1170 2806 habuit
1186 2739 1294 2806 altera
1321 2739 1483 2823 quaedum·

459 2931 461 2935 f
484 2852 641 2920 doctrina
654 2872 732 2938 quoe
741 2853 855 2939 potius
873 2853 990 2921 baberi
1004 2855 1118 2939 potest
1128 2853 1322 2919 Ionicarum
1338 2851 1480 2920 etElea·

482 2969 626 3038 ticsrum
641 2969 900 3056 disciplinarum
923 2970 1070 3038 societas
1086 2973 1121 3036 st
1134 2969 1337 3054 compositio
1346 2985 1356 3051 3
1373 2987 1479 3037 mun-

482 3086 563 3153 dum
577 3103 702 3171 nempe
725 3085 898 3168 effingens
913 3084 1173 3168 geometricum,
1189 3088 1246 3170 qui
1263 3103 1307 3152 ex
1324 3084 1477 3152 elemen-

481 3200 525 3268 tis
540 3200 677 3286 quidem
694 3201 847 3268 extensis
860 3204 1047 3282 constaret,
1061 3205 1096 3268 et
1114 3199 1222 3267 variis
1234 3200 1358 3267 iisdem
1373 3199 1476 3285 (quod

481 3333 645 3383 sensuum
666 3316 828 3400 congruit
856 3313 1077 3403 testimonio),
1095 3333 1240 3400 quorum
1263 3333 1348 3382 vero
1363 3315 1476 3400 quod-

480 3448 547 3514 que
560 3429 611 3518 (ut
629 3431 717 3498 ratio
733 3429 908 3516 postulare
921 3428 1111 3517 videbatur)
1127 3448 1189 3516 per
1202 3447 1240 3497 se
1255 3429 1370 3516 ipsum
1385 3429 1476 3496 indi·

479 3546 596 3612 visum
607 3551 700 3614 esset
720 3550 956 3631 eternumque
977 3549 1011 3612 et
1027 3543 1249 3612 immutabile.
1275 3545 1372 3611 Hanc
1389 3544 1476 3612 doc-

479 3658 684 3746 trinamque
707 3660 798 3746 quod
826 3659 1049 3728 Parmenides
1063 3661 1106 3727 de
1121 3660 1224 3728 unica
1237 3659 1429 3728 substantia
1441 3663 1477 3728 et

478 3798 593 3849 rerum
611 3781 775 3849 universa
791 3785 915 3849 natura
930 3782 1076 3862 dixerat,
1096 3782 1131 3848 id
1150 3780 1194 3849 de
1210 3780 1358 3864 singulis
1373 3783 1474 3866 puts·

477 3899 534 3963 tur
548 3897 752 3965 substantiis
766 3915 845 3982 quae
860 3897 1020 3965 sensibus
1041 3897 1356 3982 deprehenduntur,
1371 3895 1473 3962 inve-
