3560 5544
721 810 880 871 -19-

353 956 387 1020 4⁰
410 948 485 1043 Περὶ
499 954 618 1038 χυμῶν.
638 954 793 1038 -Diog.
825 955 953 1036 Laeti„
983 952 1069 1021 ibid.
1093 955 1221 1032 -Quo
1244 954 1308 1022 sub

310 1068 417 1151 titulo,
432 1069 521 1137 inter
533 1069 643 1138 libros
668 1070 940 1156 Hippocraticos,
963 1068 1150 1156 inscriptus
1178 1069 1313 1156 Hippo·

312 1185 416 1253 cratia
430 1185 569 1254 nomine
584 1186 713 1272 prodiit
726 1204 830 1269 uuus,
846 1204 948 1273 quem
979 1190 1094 1253 tamen
1124 1203 1195 1253 non
1211 1184 1313 1265 nulli,

313 1301 572 1388 praesertimque
601 1301 802 1389 Cesalpinus
819 1304 855 1370 in
867 1302 952 1372 Art.
972 1297 1064 1370 Meu.
1085 1321 1122 1384 v,
1144 1303 1178 1384 t,
1195 1303 1317 1370 Demo·

312 1417 387 1484 criti
409 1436 486 1485 ease
509 1418 707 1500 voluerunt,
730 1419 787 1488 alii
800 1423 921 1487 contra
939 1419 1031 1486 huno
1047 1418 1090 1486 ab
1107 1417 1316 1504 Hippocrate

315 1532 562 1619 scriptumesse
574 1534 798 1602 contendunt.
812 1534 871 1602 Sin
880 1538 994 1601 autem
1002 1535 1077 1601 viro
1084 1533 1219 1602 cuidam
1228 1533 1317 1600 iuter

316 1647 568 1716 eruditissimos
590 1648 767 1735 praestanti
779 1649 919 1717 credere
932 1649 1106 1729 convenit,
1121 1667 1166 1715 ne
1180 1648 1224 1714 ad
1240 1648 1320 1733 hip-

320 1762 528 1844 pocraticam
542 1762 678 1848 quidem
694 1766 830 1830 aetatem
842 1764 1007 1830 tractatus
1032 1761 1089 1828 ilio
1113 1759 1319 1829 referendus

320 1880 383 1944 est.
403 1873 533 1961 (Littre,
550 1873 692 1946 Introd.
709 1897 787 1944 oux
801 1872 909 1947 OEuc.
927 1873 1144 1968 d’llc'ppoc.).

362 2038 397 2104 5⁰
428 2030 504 2126 Περὶ
528 2040 586 2098 τῶν
615 2029 808 2128 διαφερόντων
836 2032 969 2129 ῥυσμῶν.
991 2067 1038 2085 -·
1069 2038 1168 2122 Diog.
1191 2039 1323 2112 Lateri..

323 2169 374 2234 tx,
389 2155 444 2221 47.
463 2155 643 2223 -Visum
657 2158 710 2223 eat
734 2154 866 2247 Suidae2
885 2174 918 2223 u.
935 2148 1056 2244 ρνσμὸς,
1086 2159 1121 2223 et
1147 2154 1324 2238 managio,

323 2265 452 2339 Aduot.
486 2268 546 2338 od.
577 2267 854 2351 Loert.‚1x‚47,
878 2271 963 2339 illud
995 2269 1200 2339 vocabulum
1215 2262 1327 2359 ῥυσμόι

323 2388 414 2454 iuter
441 2387 631 2472 peculiares
644 2406 748 2455 voces
773 2405 795 2454 a
812 2388 1007 2455 Democrito
1017 2390 1202 2473 usurpatas
1216 2404 1326 2454 annu·

314 2502 530 2579 ‚merendum
567 2521 661 2586 esse;
692 2502 896 2571 Mullachius
926 2507 1040 2572 autem
1077 2502 1190 2571 locum
1219 2504 1329 2571 Hero·

333 2618 417 2700 doti,
429 2638 465 2701 v,
479 2621 537 2703 58,
555 2614 687 2710 ὁρυθρὸς
703 2624 760 2681 τῶν
781 2619 979 2709 γραμμάτων,
999 2619 1195 2707 proferens,
1210 2622 1331 2687 censet

334 2726 441 2821 ῥυσμόν
460 2735 504 2802 ab
525 2736 690 2804 Abderita
709 2755 773 2823 pro
798 2729 898 2825 ῥυθμῷ
917 2739 1120 2820 usurpatum
1146 2734 1267 2802 fuisse.
1286 2768 1331 2782 -

338 2845 475 2914 Librum
492 2851 609 2917 autem
630 2843 695 2936 περὶ
707 2852 764 2910 τῶν
783 2841 976 2938 διαφερόντων
991 2841 1107 2936 ῥυσμῶν
1125 2845 1330 2933 inscriptum

336 2960 470 3030 etiamsi
485 2964 607 3033 anulio
624 2965 692 3032 alio
708 2965 845 3045 citetur,
857 2965 949 3033 inter
959 2961 1144 3031 Democriti
1157 2960 1331 3044 legitimos

332 3084 451 3163 partus
469 3081 561 3148 haud
576 3081 714 3150 difficile
740 3096 1022 3163 annumerarem3
1038 3071 1146 3169 ῥνσρόι
1164 3077 1270 3158 onim,
1294 3079 1333 3145 ut

332 3212 375 3262 ex
391 3195 587 3263 Aristotelis
603 3196 740 3278 Metu,
755 3200 790 3276 t,
806 3200 912 3283 patet,
927 3191 1085 3285 sormam
1109 3192 1145 3261 iu
1163 3190 1334 3261 democri-

336 3316 390 3378 tea
415 3310 537 3395 lingua
569 3312 807 3397 significabat3
843 3331 948 3399 quum
989 3314 1104 3379 autem
1146 3309 1257 3376 forma
1290 3307 1336 3376 sit
1421 3316 1428 3322 “

335 3445 441 3495 uuum
457 3426 731 3514 etribusquiuus
752 3429 843 3497 inter
856 3447 895 3496 se
908 3427 1014 3495 atomi
1026 3425 1164 3494 differre
1178 3444 1199 3492 a
1212 3424 1337 3494 Demo·

336 3544 422 3611 crito
436 3543 660 3630 proferuntur
671 3544 806 3632 (Arist,
821 3543 929 3625 Met,
946 3560 970 3624 1,
988 3541 1022 3630 4)
1036 3559 1107 3610 uon
1127 3539 1255 3607 mirum
1285 3542 1340 3606 eat

337 3657 568 3726 Democritum
596 3658 638 3725 da
671 3658 818 3726 diversio
852 3661 1045 3726 atomorum
1075 3653 1199 3740 figuris
1229 3653 1338 3739 scrip·

338 3790 437 3841 usse.

382 3941 416 4007 6·
439 3937 661 4030 Κρατυντήρια.
675 3975 720 3992 -
733 3939 833 4023 Diog.
855 3941 985 4019 Laert,
1011 3953 1063 4018 ut,
1077 3939 1133 4003 tt.
1150 3970 1195 3987 -
1211 3934 1340 4004 citatur

341 4057 407 4125 hoc
431 4074 519 4143 opus
535 4075 555 4124 a
575 4057 678 4125 Sexto
699 4055 886 4142 Empirico,
905 4051 996 4121 Ado.
1015 4048 1146 4141 Lopio„
1162 4069 1188 4131 1,
1208 4070 1241 4137 p.
1253 4042 1338 4132 399,

341 4180 399 4248 ed.
419 4179 554 4249 Fabric.
571 4207 583 4242 ι
604 4183 643 4248 In
657 4180 725 4261 his,
740 4179 863 4265 iuquit,
884 4172 1112 4268 Κρατνντιριόιι
1127 4176 1341 4263 praecipuum

342 4296 615 4385 roburotzpotrm
629 4301 681 4367 ιήι
696 4293 819 4366 utetur
847 4294 987 4382 petiisse
1012 4295 1056 4364 ab
1079 4288 1341 4380 experimentis,

347 4433 512 4485 mnsuum
548 4432 615 4485 usu
645 4414 830 4501 compertis
858 4411 1042 4481 videtur.»
1080 4412 1188 4499 Cujus
1210 4424 1346 4497 quoque

346 4532 502 4601 meminit
514 4530 648 4613 siliciae,
668 4548 703 4599 v.
721 4527 927 4618 Κρατυντήρια
945 4539 954 4591 t
974 4524 1112 4616 «ῐγραψι
1130 4523 1312 4613 Δημόκριτος
1330 4517 1345 4583 i
