3560 5544
883 1438 1024 1506 CAPUT
1047 1438 1092 1504 III

766 1836 812 1886 ml
834 1837 989 1913 Puncluts
1011 1836 1201 1887 uuuoculul

532 2285 546 2350 I
579 2283 654 2351 Non
680 2281 728 2351 ila
745 2281 885 2350 difficile
903 2287 956 2349 est
985 2285 1079 2352 certa
1092 2282 1225 2349 ratione
1239 2281 1382 2350 definire
1396 2253 1486 2349 unde

483 2398 613 2469 ortasii
627 2403 818 2467 atomorum
836 2398 1005 2478 doctrina,
1028 2400 1064 2465 et
1076 2397 1157 2482 quid
1176 2401 1256 2465 ante
1273 2396 1481 2465 Socraticam

482 2511 698 2598 disciplinam
722 2511 892 2594 valuerit;
917 2515 1063 2580 constat·
1080 2509 1173 2578 enim
1204 2528 1281 2578 eam
1309 2511 1480 2594 originem

386 2714 390 2721 Ι
483 2626 623 2694 duxisse
641 2645 684 2693 ex
698 2625 894 2694 lonicorum
922 2626 1214 2711 Eleaticorumque
1234 2625 1476 2713 discrepantia,

484 2759 631 2826 quorum
651 2741 908 2822 certaminibus,
938 2741 994 2808 rel
1025 2742 1143 2810 insciis
1157 2741 1241 2828 ipsis
1271 2741 1483 2822 auctoribus,

487 2873 571 2924 vere
585 2855 904 2924 mediaintervenit.

531 2970 671 3056 Utrique
683 2971 786 3051 enim,
816 2989 922 3055 quum
946 2989 1063 3038 rerum
1088 2970 1327 3039 universarum
1345 2987 1483 3062 causam

485 3090 520 3155 ct
533 3086 701 3155 rationem
712 3090 920 3171 quaererent,
940 3087 989 3154 ita
1002 3089 1118 3154 tamen
1150 3091 1281 3155 utnon
1311 3086 1434 3155 iisdem
1463 3105 1483 3154 a

487 3198 668 3286 principiis
679 3197 999 3285 proficiscerentur,
1029 3197 1169 3284 viasque
1187 3202 1412 3284 sequerentur
1428 3197 1483 3265 di·

483 3333 619 3395 uersas,
651 3313 695 3381 ad
724 3314 905 3401 opiniones
927 3332 971 3382 ex
1001 3313 1114 3399 aliqua
1146 3319 1245 3401 parte
1272 3313 1481 3394 deficientes,

485 3435 589 3518 atque
606 3431 697 3498 inter
712 3429 864 3497 sevaldo
880 3434 1117 3517 repugnantes
1126 3434 1367 3517 pervenerant.

479 3542 488 3557 '
530 3545 637 3614 ionici
655 3544 747 3613 onim
779 3563 822 3613 ea
842 3545 955 3613 solum
980 3544 1129 3630 amplexi
1159 3561 1237 3629 quae
1265 3545 1329 3614 sub
1360 3564 1484 3616 sensus

462 3662 643 3748 ‘subjecte
658 3663 750 3741 sunt,
770 3660 855 3728 nihil
882 3661 949 3729 nisi
975 3679 1036 3746 per
1059 3678 1183 3728 sensus
1210 3661 1376 3744 cognosci
1394 3663 1485 3732 arbi·

487 3784 633 3859 tuantur,
653 3778 885 3864 nequelucem
897 3779 999 3845 etiam
1015 3777 1141 3845 mentis
1155 3794 1233 3845 esse
1253 3777 1484 3864 suspicantur,

487 3903 546 3966 aut
555 3898 586 3965 si
598 3915 675 3965 eam
691 3893 777 3963 torte
799 3895 999 3982 prospicere
1015 3894 1188 3974 videnlur,
1206 3911 1276 3961 non
1298 3894 1379 3963 inde
1406 3914 1488 3964 cor-

486 4029 571 4099 pora
582 4011 696 4080 sciunt
721 4011 921 4094 illustrarc3
941 4014 979 4079 ut
991 4010 1144 4078 ommino
1156 4010 1335 4096 corporale
1347 4010 1393 4078 sit
1403 4011 1487 4080 illud

487 4146 554 4214 quo
586 4127 759 4213 explicare
795 4127 958 4196 universa
989 4126 1122 4201 volunt.
1155 4143 1243 4213 aqua
1274 4125 1418 4210 scilicet,
1448 4137 1486 4197 ut

487 4240 612 4308 Thales
626 4240 776 4325 putarim
792 4258 865 4321 aer,
876 4247 915 4307 ul
928 4239 1180 4322 Anaximenes3
1192 4237 1346 4322 ignium
1357 4239 1484 4325 Dioge·

371 4381 377 4393 ·
489 4374 564 4434 nes.
577 4354 779 4442 Apollonius
808 4360 843 4424 et
871 4354 1079 4438 Heraclites3
1105 4373 1146 4423 ca
1180 4353 1297 4425 omnia
1322 4354 1424 4424 simul
1453 4361 1487 4426 et

490 4475 593 4550 teme,
609 4473 648 4539 ut
664 4469 907 4556 Empedoclem
938 4468 1136 4556 corporales
1159 4467 1426 4549 homoeomerice,
1447 4475 1486 4537 ut
