3560 5544
923 743 1082 808 ..30-

494 896 565 946 non
578 878 615 946 in
628 879 745 960 rebus,
763 879 823 947 sed
839 864 876 947 in
887 879 988 949 nobis
1006 882 1167 950 existere.
1197 883 1368 965 «Forma,
1385 882 1496 968 inquit

494 993 586 1080 apud
599 994 751 1075 Sextum,
767 994 866 1063 dulce
883 999 917 1062 et
935 996 1046 1064 forma
1061 1016 1217 1066 amarum
1226 1016 1236 1082 3
1269 999 1382 1066 forma
1406 998 1495 1066 cali-

493 1109 574 1177 dum
590 1109 747 1177 etlorma
761 1109 944 1195 frigidum3
963 1113 1072 1180 forma
1087 1114 1214 1182 color¹.
1231 1143 1242 1173 ι
1260 1115 1308 1181 De
1322 1114 1377 1181 bis
1394 1114 1493 1180 ‹siu-

494 1223 587 1309 gulis
601 1229 654 1292 est
664 1225 778 1311 opinio
789 1231 892 1311 prout
910 1246 967 1294 res
982 1247 1149 1315 quemque
1166 1229 1318 1297 affecerit
1334 1228 1358 1296 ³.
1380 1257 1391 1287 ι
1419 1231 1493 1306 Quo

493 1344 609 1407 autem
624 1344 723 1425 pacto
739 1357 821 1406 vera
832 1341 950 1408 testari
972 1343 1192 1411 crederemus
1209 1347 1313 1411 testes
1337 1343 1395 1429 qui
1421 1362 1492 1409 rem

492 1472 597 1522 unam
623 1455 750 1541 pariter
775 1455 920 1523 calidam
936 1475 1012 1525 esse
1035 1461 1068 1525 et
1094 1459 1270 1541 frigidam,
1297 1458 1431 1526 dulcem
1461 1461 1496 1525 et

493 1587 661 1650 amaram,
686 1571 825 1654 nigram
852 1576 887 1638 et
913 1573 1096 1646 candidam
1123 1573 1321 1641 testanturt
1353 1572 1489 1660 Aliquid

493 1683 601 1767 igitur
618 1688 682 1764 est,
696 1686 829 1770 quoties
838 1687 1018 1764 sentimus,
1031 1689 1122 1774 quod
1137 1689 1264 1756 nonde
1279 1708 1318 1756 re
1332 1690 1495 1774 proficis-

493 1803 603 1879 catur,
629 1800 721 1884 quod
745 1805 864 1869 contra
892 1801 958 1887 ipsi
989 1802 1188 1886 gignamus,
1218 1803 1308 1888 quod
1336 1802 1496 1889 denique,

493 1931 599 1997 quum
609 1913 700 1980 aliud
712 1915 756 1981 sit
769 1915 803 1982 ir
824 1915 900 1983 aliis
920 1917 1131 1998 hominibus
1145 1936 1256 2003 neque
1274 1918 1396 1985 eodem
1418 1917 1492 2003 qui·

493 2030 573 2096 dem
586 2029 621 2097 iu
634 2030 772 2098 homine
786 2032 1001 2099 immutatum
1015 2038 1226 2119 permaneat,
1241 2053 1361 2101 verum
1371 2035 1494 2102 baberi

493 2150 654 2231 nequeat.
674 2149 760 2224 Quae
774 2166 860 2232 ergo
875 2148 1057 2227 sentimus⁹
1070 2153 1120 2216 tot
1141 2150 1492 2219 mutationibustsub·

491 2263 596 2347 jecta,
626 2265 740 2350 specie
766 2265 917 2351 quidem,
946 2284 1015 2331 non
1035 2266 1150 2351 reipsa
1170 2265 1336 2348 existunt,
1352 2269 1391 2333 ut
1405 2266 1495 2334 scire

494 2395 536 2446 ea
547 2398 617 2447 non
631 2381 816 2466 possimne,
836 2382 897 2448 sed
912 2380 1084 2465 conjicere
1101 2387 1134 2449 et
1149 2383 1295 2468 opinari.

538 2495 590 2560 llli
605 2514 688 2563 vero
703 2496 895 2564 obscuriori
907 2497 1039 2563 ethaud
1054 2498 1206 2580 genuino
1222 2497 1350 2565 sciendi
1362 2499 1495 2583 generi,

499 2610 645 2677 altorum
660 2612 873 2680 Democritus
889 2613 1019 2681 clarum
1031 2617 1065 2680 et
1076 2613 1266 2696 genuinum
1276 2613 1470 2699 opponebat
1487 2631 1496 2695 ;

495 2744 642 2812 qnorum
674 2725 771 2813 prius
795 2729 833 2794 lit
863 2728 986 2809 oculis,
1017 2729 1173 2809 auribus,
1190 2734 1310 2811 gustu,
1339 2728 1496 2808 naribus,

497 2845 606 2922 tactu,
629 2842 802 2926 posterius
830 2849 944 2910 autem
970 2847 1083 2911 mente
1097 2848 1131 2910 et
1150 2844 1360 2926 cogitatione
1377 2861 1387 2928 3
1405 2850 1443 2912 ut
1470 2845 1499 2911 si

500 2957 576 3044 quis
592 2975 663 3024 non
692 2956 782 3024 ultra
805 2975 846 3024 ea
872 2959 1026 3044 procedit
1043 2976 1120 3044 quae
1145 2959 1304 3026 sensibus
1319 2962 1495 3044 apparent,

497 3072 584 3140 citra
595 3089 716 3138 verum
735 3077 888 3155 maneat;
919 3073 976 3139 ille
1004 3091 1086 3140 vero
1103 3073 1160 3159 qui
1172 3073 1313 3156 longius
1327 3072 1494 3159 procedit,

498 3186 656 3273 pervenit
667 3187 711 3252 ad
723 3205 857 3267 verum,
876 3205 981 3272 quum
998 3205 1131 3268 verum,
1146 3187 1182 3254 in
1192 3187 1236 3254 ils
1250 3204 1326 3272 quae
1340 3188 1500 3254 sentiun-

498 3307 554 3370 tur
573 3302 788 3387 implicitum,
806 3321 927 3370 seusus
939 3308 1052 3370 tamen
1068 3304 1163 3389 ipsos
1191 3300 1349 3384 fugiam:
1368 3303 1499 3387 imagi-

499 3418 600 3485 nibus
613 3417 705 3484 enim
717 3417 824 3485 variis
836 3422 870 3485 et
886 3418 1105 3486 mutabilibus
1118 3436 1203 3504 quas
1220 3419 1353 3485 colores
1373 3422 1407 3485 et
1417 3418 1500 3485 odo·

499 3553 556 3601 res
571 3540 606 3601 et
625 3552 766 3619 sapores
796 3552 974 3616 vocamus,
1002 3536 1094 3602 clara
1123 3535 1236 3602 forma
1266 3540 1301 3602 et
1326 3554 1409 3602 vera
1423 3534 1501 3602 idea

499 3649 711 3731 reconditur,
735 3652 773 3717 ut
793 3650 939 3717 rationis
959 3651 1004 3718 sit
1016 3669 1138 3717 verum
1155 3650 1261 3717 averi
1277 3651 1403 3736 specie,
1421 3668 1500 3716 cer—

497 3770 574 3833 tum
588 3766 631 3833 ab
646 3765 821 3851 opinione,
836 3765 965 3833 claram
982 3766 1140 3833 notitiam
1155 3752 1332 3833 aeoniusa
1348 3766 1501 3850 imagine

461 3916 467 3933 ·
502 3882 698 3965 sejungere.
719 3883 863 3971 «Quum
879 3882 1094 3951 tenebricosa
1107 3900 1171 3949 nec
1196 3882 1347 3965 genuina
1373 3882 1502 3965 cogni-

502 3996 550 4063 tio
563 4014 633 4063 non
649 4000 763 4081 potest
792 3996 939 4082 amplius
955 3998 1086 4078 videre,
1100 4016 1164 4065 nec
1183 3997 1314 4077 audire,
1335 4015 1398 4064 nec
1413 3997 1502 4064 odo-

543 4279 550 4316 Ι
571 4288 649 4341 Ssx'r.
664 4285 746 4352 Eur„
761 4288 814 4343 ado.
825 4290 917 4358 bocio..
933 4306 979 4350 vu,
994 4306 1019 4358 p.
1035 4293 1084 4342 itt.

540 4370 553 4406 ⁸
570 4371 636 4430 ibid.

541 4459 552 4492 ⁸
569 4466 664 4519 Αιιιιι.
677 4466 705 4517 de
719 4465 777 4520 ce.
793 4479 816 4521 st
828 4468 909 4531 Com,
923 4485 942 4530 ι,
957 4474 988 4530 ιι
1001 4468 1074 4530 isat,
1089 4486 1128 4529 ιιι,
1145 4470 1164 4522 Ι.
