3560 5544
722 740 880 806 ..81-

302 874 383 956 rari,
397 893 462 945 nec
475 880 569 945 tactu
595 877 736 958 sentire,
757 878 801 946 ad
826 879 986 949 subtilius
1016 877 1298 969 [mniugiendum

300 987 365 1082 eat]
376 989 399 1055 ¹.
414 992 544 1061 Verum
568 992 652 1060 illud
679 993 724 1060 ad
738 993 829 1080 qnod
856 995 1089 1081 pervenimus,
1116 997 1183 1065 etsi
1195 1014 1301 1068 sensu

301 1107 394 1177 nullo
411 1108 544 1196 percipi
560 1110 681 1196 possit,
691 1113 806 1178 tamen
816 1111 914 1196 quasi
929 1111 1122 1181 communis
1135 1130 1301 1183 sensuum

300 1225 444 1295 mamria
459 1230 529 1308 cst;
546 1231 742 1313 namqueut
757 1227 843 1295 nihil
873 1229 947 1298 veri
965 1231 1144 1312 sentimus,
1160 1232 1208 1299 ita
1224 1233 1302 1300 veri

300 1340 425 1429 aliquid
440 1341 530 1410 inest
542 1343 715 1425 sensibus,
740 1362 847 1430 quum
861 1343 898 1412 id
924 1345 1097 1431 intelligat
1110 1346 1201 1433 quod
1218 1364 1302 1414 sen·

299 1457 352 1540 tit,
363 1461 399 1527 et
412 1458 540 1528 sentire
564 1458 648 1527 nihil
667 1459 758 1527 uliud
776 1460 820 1528 sit
844 1478 885 1530 ae
904 1462 1053 1548 quodam
1077 1461 1180 1530 modo
1202 1462 1302 1532 intel·

300 1573 423 1659 ligere.

340 1692 458 1779 Itaque
472 1711 644 1762 cumvera
660 1711 778 1764 rerum
792 1699 918 1764 natura
933 1699 1131 1781 repugnant
1142 1694 1297 1763 Eleatici.

297 1805 408 1875 Unum
424 1824 504 1877 esse
531 1804 564 1870 τὸ
575 1806 607 1870 ὄν
621 1813 656 1878 et
670 1809 888 1878 immutatum
912 1814 948 1879 et
972 1809 1150 1877 immotum
1170 1810 1298 1878 condr-

297 1927 411 2007 mant3
429 1942 553 1993 sensus
563 1943 660 2006 vero,
677 1925 708 1993 si
724 1925 913 1994 omittimus
929 1943 1008 2011 qum
1032 1925 1122 1994 inter
1136 1943 1175 1994 se
1190 1943 1299 2011 repu-

298 2042 407 2122 gnant
423 2040 466 2108 de
485 2041 793 2109 contrariisrerum
807 2040 1300 2129 qualitatibus,multitudinem

298 2158 332 2221 et
350 2158 482 2223 motum
512 2173 589 2224 esse
619 2159 801 2224 testantur.
834 2156 869 2224 si
897 2173 1044 2224 vacnum
1065 2173 1144 2223 esse
1170 2171 1299 2239 negas,

297 2268 434 2338 aiebant
450 2269 603 2352 Eleatici,
619 2272 735 2339 nullus
750 2275 886 2355 motus3
906 2289 1053 2339 vacuum
1081 2275 1197 2338 autem
1218 2287 1298 2340 esse

297 2391 495 2474 nonpolest.
509 2387 641 2465 Quibus
661 2387 853 2474 Leucippus
868 2392 902 2455 et
915 2384 1130 2454 Democritus
1154 2404 1298 2474 respon·

296 2501 421 2572 debant
451 2502 695 2589 experimentis
729 2521 808 2589 quae
849 2502 919 2569 illis
954 2500 1055 2569 simul
1087 2505 1188 2588 atque
1218 2502 1296 2573 aliis

296 2618 448 2705 physicis
476 2621 522 2688 ab
556 2618 740 2687 Aristotele
767 2618 977 2687 tribuuntur.
1005 2618 1159 2705 Corpora
1192 2637 1293 2706 quse*

295 2734 374 2803 darn
397 2734 577 2822 comprimi
612 2751 717 2820 posse
749 2731 922 2815 ridentur,
955 2731 1123 2800 ulsinum
1146 2736 1223 2803 utre
1239 2733 1291 2801 in·

294 2851 444 2935 clusum;
462 2852 553 2938 quod
580 2851 722 2919 minime
737 2848 884 2934 intelligi
913 2852 1037 2934 potest,
1077 2849 1143 2916 nisi
1167 2850 1203 2918 in
1230 2849 1290 2921 illa

294 2968 420 3052 exigua
459 2966 638 3036 intervalla
660 2966 757 3047 sint,
793 2982 871 3051 quae
914 2963 1105 3049 compressi
1147 2963 1290 3049 liquoris

293 3087 472 3168 penetrent
484 3082 683 3169 particulae3
705 3099 768 3168 per
781 3096 931 3148 vacuum
943 3096 1079 3165 quoque
1089 3077 1290 3147 nutriuntur
1320 3144 1327 3149 .

293 3194 456 3264 animalia
470 3195 598 3275 omnia,
614 3212 763 3281 namque
791 3211 934 3263 necesse
948 3196 1003 3261 est
1024 3193 1114 3260 inter
1135 3191 1292 3279 corporis

292 3308 476 3397 pumenius
488 3312 636 3398 spatium
650 3311 707 3390 sit,
726 3310 786 3379 ubi
813 3309 1025 3379 collocentur
1052 3326 1093 3376 ea
1110 3324 1190 3393 quoe
1212 3307 1291 3377 cibo

291 3424 499 3507 offerentum
515 3446 578 3497 ras
591 3426 738 3513 denique
752 3424 927 3494 cineribus
938 3423 1078 3510 plenum
1093 3440 1164 3490 non
1174 3422 1290 3490 minus

291 3558 391 3628 aquoe
415 3540 537 3627 recipit
568 3558 609 3608 ac
636 3538 666 3608 si
688 3554 837 3607 vacuum
865 3541 932 3614 est,
946 3536 1039 3605 unde
1063 3536 1289 3604 confirmatur

291 3657 417 3741 exigna
445 3634 574 3724 cineris
598 3652 775 3741 parhculis
794 3650 962 3721 foramina
978 3651 1165 3732 interesse3
1186 3648 1290 3717 aliter

289 3773 381 3841 enim
393 3773 506 3841 locum
518 3769 678 3840 eumdem
693 3768 890 3836 obtinerent
903 3765 1005 3834 simul
1016 3781 1105 3852 aqua
1113 3769 1148 3832 et
1157 3763 1245 3832 cinis
1257 3762 1283 3829 ².

289 3890 562 3976 Zeucpraeterea
575 3885 754 3955 addiderat
767 3883 960 3963 materiam,
987 3879 1017 3949 si
1033 3879 1137 3948 dividi
1160 3882 1286 3966 potest,

290 4004 422 4074 induite
436 4023 551 4093 posse.
570 3999 785 4072 Democritus
800 4001 849 4069 ita
862 3997 1030 4087 probabat
1048 4013 1125 4065 eam
1149 4012 1219 4064 nun
1244 3996 1287 4064 ad

290 4120 458 4189 infinitum
475 4119 581 4188 dividi
600 4133 609 4184 ε
627 4118 681 4186 tac
695 4116 830 4185 induite
858 4132 934 4182 eam
958 4111 1068 4181 secari
1096 4127 1217 4198 posse;
1249 4111 1280 4179 si

326 4376 334 4408 '
354 4380 434 4433 Sur.
451 4378 530 4437 Eur„
545 4378 591 4427 loc.
605 4378 647 4427 eit.

325 4466 336 4497 ⁸
354 4467 440 4534 asp,
455 4482 473 4527 r,
489 4473 512 4517 ι.
