3560 5544
696 877 856 940 -4o-

320 1008 435 1076 Animi
449 1010 597 1077 alterum
611 1028 740 1078 munus
760 1014 814 1078 est
827 1010 998 1095 cogitare.
1014 1011 1141 1080 Noster
1165 1017 1281 1082 autem

277 1141 348 1193 non
366 1124 401 1193 id
414 1125 505 1217 quod
520 1126 652 1210 cogitat
668 1126 763 1195 abeo
782 1126 873 1213 quod
890 1126 998 1194 vitam
1014 1127 1136 1213 gignit,
1156 1130 1282 1214 sejun-

278 1240 354 1327 git3
370 1259 469 1309 mens
481 1241 531 1309 illi
547 1260 654 1310 unum
669 1242 804 1310 etidem
817 1244 873 1310 est
891 1246 993 1328 atque
1007 1243 1119 1310 anima
1136 1242 1161 1311 ¹.
1178 1242 1283 1327 Cogi·

278 1357 376 1440 tatic,
406 1358 501 1426 velut
534 1358 616 1439 vita,
642 1363 757 1427 motus
780 1362 847 1426 est.
871 1359 992 1428 Omnis
1009 1359 1101 1427 enim
1116 1358 1283 1444 cogitatio

280 1487 404 1542 sensus
429 1478 500 1556 est3
529 1492 634 1560 quum
658 1477 773 1541 autem
792 1472 986 1559 corporalia
1010 1473 1080 1540 sint
1096 1472 1226 1559 pariter
1246 1471 1282 1540 id

279 1589 369 1674 quod
399 1589 517 1671 sentit,
540 1589 643 1676 idque
670 1590 762 1676 quod
797 1589 957 1671 sentitur,
987 1588 1073 1656 nihil
1106 1588 1199 1657 aliud
1228 1591 1283 1656 est

280 1706 445 1808 cogitatio
477 1705 546 1774 nisi
573 1707 718 1775 mutatio
746 1706 905 1793 quaedam
935 1710 1129 1775 atomorum
1157 1700 1283 1793 quilius

280 1822 415 1891 animus
438 1823 663 1893 constituitur
680 1822 705 1891 ³.
738 1823 815 1891 Non
844 1841 929 1891 vero
961 1826 1055 1891 totus
1081 1842 1206 1893 sensus
1231 1826 1285 1892 est

280 1939 444 2023 cogitatio
464 1939 524 2006 :in
538 1957 644 2008 sensu
657 1939 726 2007 duc
740 1939 990 2025 distinguenda
1007 1947 1102 2023 sunt,
1121 1941 1285 2010 materies

280 2053 445 2136 etiorma,
463 2055 494 2121 si
501 2055 670 2124 vocabula
685 2055 766 2124 licet
780 2075 949 2143 usurpare
965 2058 1160 2126 Democrito
1181 2057 1283 2125 mini·

279 2190 334 2239 me
350 2177 446 2254 ncta,
464 2191 542 2259 quae
557 2177 673 2240 tamen
686 2170 788 2258 plane
803 2174 894 2259 quod
908 2173 1052 2259 putabat
1066 2171 1279 2257 exprimunt.

281 2288 443 2356 Nostrum
471 2293 523 2356 est
553 2306 640 2375 opus
665 2288 776 2357 forma
789 2305 800 2372 ;
826 2293 926 2357 extra
951 2308 1017 2357 nos
1031 2292 1085 2357 est
1102 2287 1288 2355 materies:

280 2405 461 2472 Contraria
472 2404 509 2472 in
523 2405 627 2473 rebus
642 2423 707 2472 nos
721 2405 900 2491 percipere
917 2405 1139 2485 arbitramur,
1163 2403 1281 2471 candi·

280 2520 361 2587 dum
376 2523 411 2588 et
424 2520 580 2604 nigrum,
595 2520 760 2604 frigidum
772 2522 808 2588 et
825 2520 987 2604 calidum,
1004 2521 1104 2589 dulce
1130 2524 1166 2588 et
1181 2537 1281 2587 ama-

279 2656 357 2705 rum
372 2655 382 2721 3
397 2636 459 2704 sed
472 2656 514 2705 ea
527 2637 623 2705 nulla
642 2612 724 2705 sunt
746 2642 844 2705 extra
862 2656 941 2719 nos,
963 2657 1070 2724 quum
1090 2636 1183 2723 quod
1197 2637 1282 2704 mihi

280 2755 377 2822 dulce
396 2758 461 2832 est,
482 2753 543 2821 tibi
560 2753 606 2821 sit
618 2753 712 2822 idem
728 2772 898 2833 amarum,
913 2771 1086 2841 quumque
1097 2752 1219 2820 eodem
1238 2752 1282 2819 ab

279 2868 417 2935 homine
434 2867 554 2936 eadem
569 2867 680 2948 aliter,
691 2867 832 2935 mutatis
847 2866 1059 2953 temporibus
1075 2868 1178 2951 atque
1191 2869 1281 2931 aeta-

279 2984 382 3065 tibus,
399 2984 616 3053 sentiantur:
644 2986 744 3070 cujus
767 2984 945 3052 varietatis
959 2999 1065 3051 causa
1084 2985 1137 3048 est
1162 2981 1280 3065 cujus·

278 3118 345 3186 que
381 3100 530 3169 hominis
565 3099 706 3187 propria
743 3094 797 3172 ἕξις
824 3097 853 3167 ³.
896 3101 1021 3166 Forma
1052 3099 1135 3164 sunt
1173 3095 1281 3179 igitur

279 3214 389 3297 color,
406 3214 520 3297 dulce,
533 3232 703 3296 amarum,
721 3218 756 3282 et
771 3218 899 3282 caetera
917 3211 1023 3296 hujus
1042 3206 1169 3275 modi⁴.
1187 3209 1279 3284 Quo-

279 3331 382 3399 modo
396 3332 496 3399 aliter
509 3351 548 3400 se
563 3351 621 3400 res
635 3330 806 3400 haberet?
833 3331 945 3406 Quum
958 3324 1194 3394 tantummodo
1210 3324 1280 3391 sint

280 3447 484 3515 substantiae
510 3465 656 3515 numero
682 3445 839 3523 infinitae,
873 3441 1066 3520 divisionis,
1105 3439 1279 3526 qualitatis

278 3580 415 3648 quoque
432 3565 467 3629 et
482 3561 674 3631 allectionis
691 3563 864 3645 expertes,
887 3576 978 3643 quae,
999 3556 1028 3622 si
1058 3572 1164 3621 sensu
1178 3571 1278 3620 oom-

278 3677 482 3764 plectantur,
494 3679 656 3746 videntur
668 3676 736 3743 alia
752 3675 858 3759 ignis,
874 3673 942 3740 alia
951 3688 1052 3758 aqua,
1066 3668 1134 3735 alia
1147 3667 1276 3754 planta,

262 3794 342 3862 -alia
359 3797 477 3875 homo,
503 3815 608 3882 quum
623 3813 692 3862 uno
722 3793 829 3859 verbo
857 3789 972 3856 omnia
997 3787 1065 3854 sint
1079 3784 1195 3865 atomi,
1213 3801 1276 3849 nec

310 4129 319 4161 ¹
337 4134 446 4192 orror,
456 4131 484 4183 dr
498 4131 593 4186 him..
608 4143 626 4187 ι,
641 4135 670 4185 2;
683 4127 774 4189 Scor„
789 4125 844 4177 lte.
857 4126 942 4192 pipo,
953 4139 971 4181 r,
986 4128 1023 4173 tr.

309 4217 445 4284 'amm
459 4222 487 4274 dr
500 4220 596 4279 Asin..
615 4231 653 4277 111.
665 4222 695 4276 ἵε
710 4214 782 4275 Not,
795 4229 834 4276 m,
848 4220 876 4274 ⁵3
894 4212 1007 4272 Tuom,
1020 4209 1048 4261 lo
1063 4206 1140 4268 ΒΜ..
1154 4210 1200 4265 ⁴⁹3
1216 4203 1273 4259 Cic.

275 4309 382 4371 torte.
396 4326 417 4372 r,
431 4314 467 4362 tt.

311 4393 323 4432 ⁸
339 4400 492 4464 rum
503 4394 585 4458 dm„
599 4399 634 4449 co.

312 4486 420 4544 ‘sm
436 4489 518 4549 En..
532 4490 588 4542 ade.
610 4484 682 4553 dep,
701 4498 748 4536 m.
768 4482 928 4543 Passaron,
942 4479 998 4535 ato.
1020 4476 1108 4534 cristo
1132 4489 1184 4532 rur
1198 4470 1279 4527 Duc.

277 4582 387 4644 hm„
401 4586 483 4645 1¹,st
