<?xml version="1.0" encoding="UTF-8"?>
<!DOCTYPE html PUBLIC "-//W3C//DTD XHTML 1.0 Transitional//EN"
    "http://www.w3.org/TR/xhtml1/DTD/xhtml1-transitional.dtd">
<html xmlns="http://www.w3.org/1999/xhtml" xml:lang="en" lang="en">
 <head>
  <title>
</title>
<meta http-equiv="Content-Type" content="text/html;charset=utf-8" />
  <meta name='ocr-system' content='tesseract 3.04.00' />
  <meta name='ocr-capabilities' content='ocr_page ocr_carea ocr_par ocr_line ocrx_word'/>
</head>
<body>
  <div class='ocr_page' id='page_1' title='image "./dedemocritophil00liargoog_0048.png"; bbox 0 0 3560 5544; ppageno 0'>
   <div class='ocr_carea' id='block_1_1' title="bbox 0 2874 6 5467">
    <p class='ocr_par' dir='ltr' id='par_1_1' title="bbox 0 2874 6 5467">
     <span class='ocr_line' id='line_1_1' title="bbox 0 2874 6 5467; baseline 0 0"><span class='ocrx_word' id='word_1_1' title='bbox 0 2874 6 5467; x_wconf 95' lang='lat' dir='ltr'> </span> 
     </span>
    </p>
   </div>
   <div class='ocr_carea' id='block_1_2' title="bbox 816 702 976 765">
    <p class='ocr_par' dir='ltr' id='par_1_2' title="bbox 816 702 976 765">
     <span class='ocr_line' id='line_1_2' title="bbox 816 702 976 765; baseline 0 -16"><span class='ocrx_word' id='word_1_2' title='bbox 816 702 976 765; x_wconf 75' lang='lat'>-41-</span> 
     </span>
    </p>
   </div>
   <div class='ocr_carea' id='block_1_3' title="bbox 393 836 1401 3815">
    <p class='ocr_par' dir='ltr' id='par_1_3' title="bbox 393 836 1401 1618">
     <span class='ocr_line' id='line_1_3' title="bbox 394 836 1394 925; baseline 0.001 -21"><span class='ocrx_word' id='word_1_3' title='bbox 394 840 430 904; x_wconf 87' lang='lat' dir='ltr'>et</span> <span class='ocrx_word' id='word_1_4' title='bbox 442 837 561 920; x_wconf 76' lang='lat' dir='ltr'>iners,</span> <span class='ocrx_word' id='word_1_5' title='bbox 580 836 767 905; x_wconf 77' lang='lat' dir='ltr'><strong>Democriti</strong></span> <span class='ocrx_word' id='word_1_6' title='bbox 790 837 978 907; x_wconf 80' lang='lat' dir='ltr'>indivisum</span> <span class='ocrx_word' id='word_1_7' title='bbox 993 841 1028 907; x_wconf 88' lang='lat' dir='ltr'>et</span> <span class='ocrx_word' id='word_1_8' title='bbox 1046 856 1108 925; x_wconf 90' lang='lat' dir='ltr'>per</span> <span class='ocrx_word' id='word_1_9' title='bbox 1124 856 1163 906; x_wconf 90' lang='lat' dir='ltr'>se</span> <span class='ocrx_word' id='word_1_10' title='bbox 1177 838 1352 907; x_wconf 80' lang='lat' dir='ltr'>immobile</span> <span class='ocrx_word' id='word_1_11' title='bbox 1369 837 1394 905; x_wconf 85' lang='lat'>¹.</span> 
     </span>
     <span class='ocr_line' id='line_1_4' title="bbox 395 952 1399 1023; baseline 0.002 -3"><span class='ocrx_word' id='word_1_12' title='bbox 395 952 669 1021; x_wconf 79' lang='lat' dir='ltr'>Innumerabiles</span> <span class='ocrx_word' id='word_1_13' title='bbox 686 971 771 1022; x_wconf 85' lang='lat' dir='ltr'>vero</span> <span class='ocrx_word' id='word_1_14' title='bbox 792 955 898 1022; x_wconf 89' lang='lat' dir='ltr'>atomi</span> <span class='ocrx_word' id='word_1_15' title='bbox 930 954 967 1022; x_wconf 91' lang='lat' dir='ltr'>in</span> <span class='ocrx_word' id='word_1_16' title='bbox 988 972 1099 1023; x_wconf 84' lang='lat' dir='ltr'>vacuo</span> <span class='ocrx_word' id='word_1_17' title='bbox 1127 954 1348 1023; x_wconf 87' lang='lat' dir='ltr'>continentur</span> <span class='ocrx_word' id='word_1_18' title='bbox 1365 958 1399 1023; x_wconf 87' lang='lat' dir='ltr'>et</span> 
     </span>
     <span class='ocr_line' id='line_1_5' title="bbox 394 1069 1400 1156; baseline 0.003 -21"><span class='ocrx_word' id='word_1_19' title='bbox 394 1071 589 1149; x_wconf 85' lang='lat' dir='ltr'>moventur,</span> <span class='ocrx_word' id='word_1_20' title='bbox 606 1069 698 1137; x_wconf 89' lang='lat' dir='ltr'>unde</span> <span class='ocrx_word' id='word_1_21' title='bbox 723 1071 762 1137; x_wconf 87' lang='lat' dir='ltr'>fit</span> <span class='ocrx_word' id='word_1_22' title='bbox 790 1074 829 1138; x_wconf 92' lang='lat' dir='ltr'>nt</span> <span class='ocrx_word' id='word_1_23' title='bbox 851 1088 972 1139; x_wconf 88' lang='lat' dir='ltr'>eorum</span> <span class='ocrx_word' id='word_1_24' title='bbox 1002 1070 1246 1156; x_wconf 90' lang='lat' dir='ltr'>conjunctione</span> <span class='ocrx_word' id='word_1_25' title='bbox 1261 1073 1321 1137; x_wconf 93' lang='lat' dir='ltr'>ant</span> <span class='ocrx_word' id='word_1_26' title='bbox 1343 1086 1400 1138; x_wconf 90' lang='lat' dir='ltr'>se·</span> 
     </span>
     <span class='ocr_line' id='line_1_6' title="bbox 393 1184 1401 1273; baseline 0 -21"><span class='ocrx_word' id='word_1_27' title='bbox 393 1184 573 1269; x_wconf 87' lang='lat' dir='ltr'>junctione</span> <span class='ocrx_word' id='word_1_28' title='bbox 609 1191 799 1254; x_wconf 87' lang='lat' dir='ltr'>nascantur</span> <span class='ocrx_word' id='word_1_29' title='bbox 825 1188 892 1255; x_wconf 86' lang='lat' dir='ltr'>res&#39;</span> <span class='ocrx_word' id='word_1_30' title='bbox 906 1186 962 1255; x_wconf 86' lang='lat' dir='ltr'>vel</span> <span class='ocrx_word' id='word_1_31' title='bbox 994 1190 1151 1273; x_wconf 87' lang='lat' dir='ltr'>pereant,</span> <span class='ocrx_word' id='word_1_32' title='bbox 1172 1188 1348 1254; x_wconf 86' lang='lat' dir='ltr'>mutentur</span> <span class='ocrx_word' id='word_1_33' title='bbox 1365 1188 1401 1254; x_wconf 90' lang='lat' dir='ltr'>et</span> 
     </span>
     <span class='ocr_line' id='line_1_7' title="bbox 395 1302 1401 1390; baseline 0.003 -23"><span class='ocrx_word' id='word_1_34' title='bbox 395 1304 602 1385; x_wconf 77' lang='lat' dir='ltr'>augeantur.</span> <span class='ocrx_word' id='word_1_35' title='bbox 634 1304 748 1371; x_wconf 88' lang='lat' dir='ltr'>Motus</span> <span class='ocrx_word' id='word_1_36' title='bbox 774 1303 804 1370; x_wconf 92' lang='lat' dir='ltr'>si</span> <span class='ocrx_word' id='word_1_37' title='bbox 821 1303 937 1371; x_wconf 90' lang='lat' dir='ltr'>nullus</span> <span class='ocrx_word' id='word_1_38' title='bbox 954 1305 1064 1384; x_wconf 89' lang='lat' dir='ltr'>fieret,</span> <span class='ocrx_word' id='word_1_39' title='bbox 1083 1307 1235 1390; x_wconf 87' lang='lat' dir='ltr'>torperet</span> <span class='ocrx_word' id='word_1_40' title='bbox 1252 1302 1401 1371; x_wconf 90' lang='lat' dir='ltr'>mundus</span> 
     </span>
     <span class='ocr_line' id='line_1_8' title="bbox 399 1415 1397 1505; baseline 0.003 -22"><span class='ocrx_word' id='word_1_41' title='bbox 399 1419 438 1483; x_wconf 86' lang='lat' dir='ltr'>nt</span> <span class='ocrx_word' id='word_1_42' title='bbox 450 1415 536 1484; x_wconf 92' lang='lat' dir='ltr'>nihil</span> <span class='ocrx_word' id='word_1_43' title='bbox 552 1423 755 1486; x_wconf 86' lang='lat' dir='ltr'>nasceretur</span> <span class='ocrx_word' id='word_1_44' title='bbox 768 1419 824 1486; x_wconf 88' lang='lat' dir='ltr'>vel</span> <span class='ocrx_word' id='word_1_45' title='bbox 841 1419 982 1505; x_wconf 84' lang='lat' dir='ltr'>periret,</span> <span class='ocrx_word' id='word_1_46' title='bbox 998 1423 1033 1486; x_wconf 89' lang='lat' dir='ltr'>et</span> <span class='ocrx_word' id='word_1_47' title='bbox 1052 1419 1168 1486; x_wconf 94' lang='lat' dir='ltr'>omnia</span> <span class='ocrx_word' id='word_1_48' title='bbox 1184 1436 1252 1504; x_wconf 87' lang='lat' dir='ltr'>quo</span> <span class='ocrx_word' id='word_1_49' title='bbox 1267 1419 1397 1486; x_wconf 83' lang='lat' dir='ltr'>suntin</span> 
     </span>
     <span class='ocr_line' id='line_1_9' title="bbox 399 1532 762 1618; baseline 0.011 -22"><span class='ocrx_word' id='word_1_50' title='bbox 399 1532 490 1597; x_wconf 86' lang='lat' dir='ltr'>statu</span> <span class='ocrx_word' id='word_1_51' title='bbox 507 1535 762 1618; x_wconf 86' lang='lat' dir='ltr'>permanerent.</span> 
     </span>
    </p>

    <p class='ocr_par' dir='ltr' id='par_1_4' title="bbox 395 1646 1401 2422">
     <span class='ocr_line' id='line_1_10' title="bbox 439 1646 1400 1730; baseline 0.001 -16"><span class='ocrx_word' id='word_1_52' title='bbox 439 1646 537 1714; x_wconf 87' lang='lat' dir='ltr'>Unde</span> <span class='ocrx_word' id='word_1_53' title='bbox 554 1652 666 1716; x_wconf 85' lang='lat' dir='ltr'>autem</span> <span class='ocrx_word' id='word_1_54' title='bbox 681 1648 793 1717; x_wconf 87' lang='lat' dir='ltr'>oritur</span> <span class='ocrx_word' id='word_1_55' title='bbox 804 1647 945 1717; x_wconf 83' lang='lat' dir='ltr'>motusl</span> <span class='ocrx_word' id='word_1_56' title='bbox 971 1649 1081 1716; x_wconf 82' lang='lat' dir='ltr'>Antea</span> <span class='ocrx_word' id='word_1_57' title='bbox 1106 1653 1219 1717; x_wconf 90' lang='lat' dir='ltr'>motus</span> <span class='ocrx_word' id='word_1_58' title='bbox 1246 1652 1334 1730; x_wconf 86' lang='lat' dir='ltr'>erat,</span> <span class='ocrx_word' id='word_1_59' title='bbox 1355 1649 1400 1715; x_wconf 91' lang='lat' dir='ltr'>ita</span> 
     </span>
     <span class='ocr_line' id='line_1_11' title="bbox 396 1759 1400 1846; baseline 0.004 -20"><span class='ocrx_word' id='word_1_60' title='bbox 396 1763 434 1826; x_wconf 83' lang='lat' dir='ltr'>ut</span> <span class='ocrx_word' id='word_1_61' title='bbox 470 1759 641 1843; x_wconf 81' lang='lat' dir='ltr'>originem</span> <span class='ocrx_word' id='word_1_62' title='bbox 667 1760 856 1846; x_wconf 85' lang='lat' dir='ltr'>quaerendo</span> <span class='ocrx_word' id='word_1_63' title='bbox 889 1761 934 1829; x_wconf 91' lang='lat' dir='ltr'>ad</span> <span class='ocrx_word' id='word_1_64' title='bbox 965 1761 1137 1831; x_wconf 85' lang='lat' dir='ltr'>infinitum</span> <span class='ocrx_word' id='word_1_65' title='bbox 1174 1761 1400 1846; x_wconf 77' lang='lat' dir='ltr'>regrediaris,</span> 
     </span>
     <span class='ocr_line' id='line_1_12' title="bbox 395 1870 1401 1961; baseline 0.003 -23"><span class='ocrx_word' id='word_1_66' title='bbox 395 1870 567 1958; x_wconf 81' lang='lat' dir='ltr'>finemque</span> <span class='ocrx_word' id='word_1_67' title='bbox 584 1873 716 1942; x_wconf 91' lang='lat' dir='ltr'>nullum</span> <span class='ocrx_word' id='word_1_68' title='bbox 744 1875 914 1955; x_wconf 84' lang='lat' dir='ltr'>invenias,</span> <span class='ocrx_word' id='word_1_69' title='bbox 944 1894 1050 1961; x_wconf 89' lang='lat' dir='ltr'>quum</span> <span class='ocrx_word' id='word_1_70' title='bbox 1079 1875 1231 1961; x_wconf 78' lang='lat' dir='ltr'>incipere</span> <span class='ocrx_word' id='word_1_71' title='bbox 1253 1877 1401 1960; x_wconf 86' lang='lat' dir='ltr'>nequeat</span> 
     </span>
     <span class='ocr_line' id='line_1_13' title="bbox 395 1986 1400 2074; baseline 0.003 -20"><span class='ocrx_word' id='word_1_72' title='bbox 395 1986 486 2074; x_wconf 83' lang='lat' dir='ltr'>quod</span> <span class='ocrx_word' id='word_1_73' title='bbox 500 1991 670 2057; x_wconf 84' lang='lat' dir='ltr'>aeteruum</span> <span class='ocrx_word' id='word_1_74' title='bbox 693 1994 748 2059; x_wconf 88' lang='lat' dir='ltr'>est</span> <span class='ocrx_word' id='word_1_75' title='bbox 761 1989 786 2058; x_wconf 74' lang='lat'>³.</span> <span class='ocrx_word' id='word_1_76' title='bbox 800 1994 927 2072; x_wconf 87' lang='lat' dir='ltr'>Quare,</span> <span class='ocrx_word' id='word_1_77' title='bbox 947 1991 976 2058; x_wconf 93' lang='lat' dir='ltr'>si</span> <span class='ocrx_word' id='word_1_78' title='bbox 1005 1990 1165 2059; x_wconf 89' lang='lat' dir='ltr'>ordinum</span> <span class='ocrx_word' id='word_1_79' title='bbox 1192 1990 1400 2058; x_wconf 91' lang='lat' dir='ltr'>mutationes</span> 
     </span>
     <span class='ocr_line' id='line_1_14' title="bbox 395 2102 1398 2193; baseline 0.003 -24"><span class='ocrx_word' id='word_1_80' title='bbox 395 2106 430 2169; x_wconf 86' lang='lat' dir='ltr'>et</span> <span class='ocrx_word' id='word_1_81' title='bbox 446 2102 665 2187; x_wconf 83' lang='lat' dir='ltr'>singularum</span> <span class='ocrx_word' id='word_1_82' title='bbox 706 2107 949 2193; x_wconf 84' lang='lat' dir='ltr'>finitarumque</span> <span class='ocrx_word' id='word_1_83' title='bbox 976 2125 1094 2175; x_wconf 88' lang='lat' dir='ltr'>rerum</span> <span class='ocrx_word' id='word_1_84' title='bbox 1129 2105 1398 2193; x_wconf 74' lang='lat' dir='ltr'>compositiones</span> 
     </span>
     <span class='ocr_line' id='line_1_15' title="bbox 396 2218 1399 2308; baseline 0.003 -24"><span class='ocrx_word' id='word_1_85' title='bbox 396 2218 431 2285; x_wconf 92' lang='lat' dir='ltr'>in</span> <span class='ocrx_word' id='word_1_86' title='bbox 460 2222 553 2287; x_wconf 90' lang='lat' dir='ltr'>motu</span> <span class='ocrx_word' id='word_1_87' title='bbox 573 2220 689 2306; x_wconf 89' lang='lat' dir='ltr'>priore</span> <span class='ocrx_word' id='word_1_88' title='bbox 725 2223 897 2290; x_wconf 85' lang='lat' dir='ltr'>rationem</span> <span class='ocrx_word' id='word_1_89' title='bbox 923 2221 1064 2302; x_wconf 87' lang='lat' dir='ltr'>habent,</span> <span class='ocrx_word' id='word_1_90' title='bbox 1096 2221 1197 2308; x_wconf 90' lang='lat' dir='ltr'>primi</span> <span class='ocrx_word' id='word_1_91' title='bbox 1229 2220 1399 2307; x_wconf 91' lang='lat' dir='ltr'>impulsus</span> 
     </span>
     <span class='ocr_line' id='line_1_16' title="bbox 396 2335 1022 2422; baseline 0.008 -21"><span class='ocrx_word' id='word_1_92' title='bbox 396 2351 536 2402; x_wconf 89' lang='lat' dir='ltr'>causam</span> <span class='ocrx_word' id='word_1_93' title='bbox 549 2335 678 2404; x_wconf 90' lang='lat' dir='ltr'>nullam</span> <span class='ocrx_word' id='word_1_94' title='bbox 694 2336 888 2422; x_wconf 86' lang='lat' dir='ltr'>intelligere</span> <span class='ocrx_word' id='word_1_95' title='bbox 901 2338 983 2406; x_wconf 87' lang='lat' dir='ltr'>iicet</span> <span class='ocrx_word' id='word_1_96' title='bbox 996 2336 1022 2407; x_wconf 82' lang='lat'>³.</span> 
     </span>
    </p>

    <p class='ocr_par' dir='ltr' id='par_1_5' title="bbox 393 2450 1399 3815">
     <span class='ocr_line' id='line_1_17' title="bbox 439 2450 1398 2541; baseline 0.004 -23"><span class='ocrx_word' id='word_1_97' title='bbox 439 2450 538 2527; x_wconf 87' lang='lat' dir='ltr'>Quod</span> <span class='ocrx_word' id='word_1_98' title='bbox 554 2452 583 2519; x_wconf 94' lang='lat' dir='ltr'>si</span> <span class='ocrx_word' id='word_1_99' title='bbox 598 2452 677 2538; x_wconf 90' lang='lat' dir='ltr'>quis</span> <span class='ocrx_word' id='word_1_100' title='bbox 695 2457 833 2538; x_wconf 86' lang='lat' dir='ltr'>putaret</span> <span class='ocrx_word' id='word_1_101' title='bbox 850 2458 981 2522; x_wconf 85' lang='lat' dir='ltr'>motum</span> <span class='ocrx_word' id='word_1_102' title='bbox 994 2472 1086 2534; x_wconf 90' lang='lat' dir='ltr'>eum,</span> <span class='ocrx_word' id='word_1_103' title='bbox 1101 2470 1398 2541; x_wconf 85' lang='lat' dir='ltr'>quocongregan·</span> 
     </span>
     <span class='ocr_line' id='line_1_18' title="bbox 395 2568 1398 2654; baseline 0.004 -22"><span class='ocrx_word' id='word_1_104' title='bbox 395 2568 452 2633; x_wconf 86' lang='lat' dir='ltr'>tur</span> <span class='ocrx_word' id='word_1_105' title='bbox 468 2569 503 2634; x_wconf 89' lang='lat' dir='ltr'>et</span> <span class='ocrx_word' id='word_1_106' title='bbox 516 2572 724 2652; x_wconf 82' lang='lat' dir='ltr'>separantur</span> <span class='ocrx_word' id='word_1_107' title='bbox 739 2569 858 2649; x_wconf 88' lang='lat' dir='ltr'>atomi,</span> <span class='ocrx_word' id='word_1_108' title='bbox 873 2569 1015 2638; x_wconf 83' lang='lat' dir='ltr'>fortuito</span> <span class='ocrx_word' id='word_1_109' title='bbox 1031 2570 1119 2650; x_wconf 85' lang='lat' dir='ltr'>deri,</span> <span class='ocrx_word' id='word_1_110' title='bbox 1130 2570 1217 2638; x_wconf 89' lang='lat' dir='ltr'>nihil</span> <span class='ocrx_word' id='word_1_111' title='bbox 1230 2568 1345 2654; x_wconf 87' lang='lat' dir='ltr'>magis</span> <span class='ocrx_word' id='word_1_112' title='bbox 1354 2569 1398 2637; x_wconf 88' lang='lat' dir='ltr'>ab</span> 
     </span>
     <span class='ocr_line' id='line_1_19' title="bbox 396 2682 1398 2772; baseline 0.002 -22"><span class='ocrx_word' id='word_1_113' title='bbox 396 2682 559 2750; x_wconf 88' lang='lat' dir='ltr'>universa</span> <span class='ocrx_word' id='word_1_114' title='bbox 573 2688 768 2751; x_wconf 85' lang='lat' dir='ltr'>atomorum</span> <span class='ocrx_word' id='word_1_115' title='bbox 786 2684 920 2753; x_wconf 90' lang='lat' dir='ltr'>ratione</span> <span class='ocrx_word' id='word_1_116' title='bbox 933 2684 1160 2772; x_wconf 84' lang='lat' dir='ltr'>discreparet.</span> <span class='ocrx_word' id='word_1_117' title='bbox 1174 2685 1296 2754; x_wconf 87' lang='lat' dir='ltr'>Omnia</span> <span class='ocrx_word' id='word_1_118' title='bbox 1307 2684 1398 2769; x_wconf 87' lang='lat' dir='ltr'>regit</span> 
     </span>
     <span class='ocr_line' id='line_1_20' title="bbox 395 2798 1396 2887; baseline 0.002 -21"><span class='ocrx_word' id='word_1_119' title='bbox 395 2798 872 2885; x_wconf 85' lang='lat' dir='ltr'>etamplcctiturnecessitas3</span> <span class='ocrx_word' id='word_1_120' title='bbox 888 2800 1028 2868; x_wconf 84' lang='lat' dir='ltr'>fortuna</span> <span class='ocrx_word' id='word_1_121' title='bbox 1040 2819 1124 2869; x_wconf 89' lang='lat' dir='ltr'>vero</span> <span class='ocrx_word' id='word_1_122' title='bbox 1135 2805 1297 2887; x_wconf 85' lang='lat' dir='ltr'>tanquam</span> <span class='ocrx_word' id='word_1_123' title='bbox 1305 2817 1396 2868; x_wconf 87' lang='lat' dir='ltr'>vano</span> 
     </span>
     <span class='ocr_line' id='line_1_21' title="bbox 394 2914 1397 3001; baseline 0.003 -20"><span class='ocrx_word' id='word_1_124' title='bbox 394 2914 532 2983; x_wconf 93' lang='lat' dir='ltr'>nomine</span> <span class='ocrx_word' id='word_1_125' title='bbox 549 2919 693 2983; x_wconf 86' lang='lat' dir='ltr'>utuntur</span> <span class='ocrx_word' id='word_1_126' title='bbox 709 2914 881 2995; x_wconf 88' lang='lat' dir='ltr'>homines,</span> <span class='ocrx_word' id='word_1_127' title='bbox 899 2919 938 2983; x_wconf 88' lang='lat' dir='ltr'>ut</span> <span class='ocrx_word' id='word_1_128' title='bbox 951 2934 1049 2984; x_wconf 89' lang='lat' dir='ltr'>suam</span> <span class='ocrx_word' id='word_1_129' title='bbox 1066 2916 1397 3001; x_wconf 86' lang='lat' dir='ltr'>dissimulentignc·</span> 
     </span>
     <span class='ocr_line' id='line_1_22' title="bbox 394 3029 1395 3117; baseline 0.001 -21"><span class='ocrx_word' id='word_1_130' title='bbox 394 3029 567 3114; x_wconf 83' lang='lat' dir='ltr'>rantiam3</span> <span class='ocrx_word' id='word_1_131' title='bbox 605 3030 770 3117; x_wconf 88' lang='lat' dir='ltr'>quidquid</span> <span class='ocrx_word' id='word_1_132' title='bbox 801 3031 926 3099; x_wconf 82' lang='lat' dir='ltr'>accidit</span> <span class='ocrx_word' id='word_1_133' title='bbox 953 3035 1050 3100; x_wconf 90' lang='lat' dir='ltr'>motu</span> <span class='ocrx_word' id='word_1_134' title='bbox 1088 3032 1205 3117; x_wconf 88' lang='lat' dir='ltr'>priore</span> <span class='ocrx_word' id='word_1_135' title='bbox 1233 3030 1395 3099; x_wconf 84' lang='lat' dir='ltr'>efficitur.</span> 
     </span>
     <span class='ocr_line' id='line_1_23' title="bbox 393 3146 1397 3236; baseline 0.002 -22"><span class='ocrx_word' id='word_1_136' title='bbox 393 3147 511 3233; x_wconf 85' lang='lat' dir='ltr'>Itaque</span> <span class='ocrx_word' id='word_1_137' title='bbox 532 3153 665 3227; x_wconf 84' lang='lat' dir='ltr'>noster,</span> <span class='ocrx_word' id='word_1_138' title='bbox 681 3152 718 3216; x_wconf 85' lang='lat' dir='ltr'>ut</span> <span class='ocrx_word' id='word_1_139' title='bbox 733 3148 780 3215; x_wconf 84' lang='lat' dir='ltr'>ait</span> <span class='ocrx_word' id='word_1_140' title='bbox 800 3148 957 3217; x_wconf 84' lang='lat' dir='ltr'>Stobaeus</span> <span class='ocrx_word' id='word_1_141' title='bbox 970 3149 998 3232; x_wconf 74' lang='lat'>⁸,</span> <span class='ocrx_word' id='word_1_142' title='bbox 1016 3150 1131 3218; x_wconf 92' lang='lat' dir='ltr'>dicere</span> <span class='ocrx_word' id='word_1_143' title='bbox 1156 3153 1291 3236; x_wconf 87' lang='lat' dir='ltr'>poterat</span> <span class='ocrx_word' id='word_1_144' title='bbox 1310 3146 1397 3218; x_wconf 88' lang='lat' dir='ltr'>nihil</span> 
     </span>
     <span class='ocr_line' id='line_1_24' title="bbox 393 3260 1396 3352; baseline 0.004 -23"><span class='ocrx_word' id='word_1_145' title='bbox 393 3260 483 3330; x_wconf 85' lang='lat' dir='ltr'>iorte</span> <span class='ocrx_word' id='word_1_146' title='bbox 510 3262 599 3340; x_wconf 85' lang='lat' dir='ltr'>fleri,</span> <span class='ocrx_word' id='word_1_147' title='bbox 631 3266 666 3332; x_wconf 88' lang='lat' dir='ltr'>et</span> <span class='ocrx_word' id='word_1_148' title='bbox 692 3264 744 3331; x_wconf 92' lang='lat' dir='ltr'>rei</span> <span class='ocrx_word' id='word_1_149' title='bbox 771 3264 935 3351; x_wconf 84' lang='lat' dir='ltr'>cujusque</span> <span class='ocrx_word' id='word_1_150' title='bbox 959 3283 1101 3334; x_wconf 89' lang='lat' dir='ltr'>cansam</span> <span class='ocrx_word' id='word_1_151' title='bbox 1125 3265 1274 3352; x_wconf 84' lang='lat' dir='ltr'>aliquam</span> <span class='ocrx_word' id='word_1_152' title='bbox 1297 3282 1396 3349; x_wconf 76' lang='lat' dir='ltr'>esse,</span> 
     </span>
     <span class='ocr_line' id='line_1_25' title="bbox 393 3379 1397 3464; baseline 0.005 -19"><span class='ocrx_word' id='word_1_153' title='bbox 393 3395 559 3459; x_wconf 89' lang='lat' dir='ltr'>necnon,</span> <span class='ocrx_word' id='word_1_154' title='bbox 587 3383 625 3447; x_wconf 91' lang='lat' dir='ltr'>ut</span> <span class='ocrx_word' id='word_1_155' title='bbox 651 3379 857 3449; x_wconf 87' lang='lat' dir='ltr'>Plutarchus</span> <span class='ocrx_word' id='word_1_156' title='bbox 880 3381 987 3450; x_wconf 87' lang='lat' dir='ltr'>reiort</span> <span class='ocrx_word' id='word_1_157' title='bbox 1000 3381 1029 3464; x_wconf 76' lang='lat'>⁸,</span> <span class='ocrx_word' id='word_1_158' title='bbox 1051 3382 1291 3452; x_wconf 87' lang='lat' dir='ltr'>necessitatem</span> <span class='ocrx_word' id='word_1_159' title='bbox 1320 3399 1397 3450; x_wconf 90' lang='lat' dir='ltr'>eam</span> 
     </span>
     <span class='ocr_line' id='line_1_26' title="bbox 394 3495 1394 3586; baseline 0.003 -25"><span class='ocrx_word' id='word_1_160' title='bbox 394 3512 512 3562; x_wconf 89' lang='lat' dir='ltr'>rerum</span> <span class='ocrx_word' id='word_1_161' title='bbox 528 3495 782 3582; x_wconf 87' lang='lat' dir='ltr'>providentiam</span> <span class='ocrx_word' id='word_1_162' title='bbox 806 3515 952 3575; x_wconf 77' lang='lat' dir='ltr'>uocare;</span> <span class='ocrx_word' id='word_1_163' title='bbox 981 3498 1198 3586; x_wconf 87' lang='lat' dir='ltr'>providentia</span> <span class='ocrx_word' id='word_1_164' title='bbox 1220 3497 1313 3565; x_wconf 89' lang='lat' dir='ltr'>cuim</span> <span class='ocrx_word' id='word_1_165' title='bbox 1353 3514 1394 3564; x_wconf 90' lang='lat' dir='ltr'>ea</span> 
     </span>
     <span class='ocr_line' id='line_1_27' title="bbox 394 3610 1399 3698; baseline 0.005 -22"><span class='ocrx_word' id='word_1_166' title='bbox 394 3612 458 3688; x_wconf 86' lang='lat' dir='ltr'>est,</span> <span class='ocrx_word' id='word_1_167' title='bbox 473 3610 598 3698; x_wconf 88' lang='lat' dir='ltr'>qnippe</span> <span class='ocrx_word' id='word_1_168' title='bbox 625 3630 703 3698; x_wconf 82' lang='lat' dir='ltr'>quac</span> <span class='ocrx_word' id='word_1_169' title='bbox 721 3612 875 3682; x_wconf 92' lang='lat' dir='ltr'>omnium</span> <span class='ocrx_word' id='word_1_170' title='bbox 893 3613 983 3682; x_wconf 87' lang='lat' dir='ltr'>ratio</span> <span class='ocrx_word' id='word_1_171' title='bbox 1011 3614 1069 3694; x_wconf 86' lang='lat' dir='ltr'>sit,</span> <span class='ocrx_word' id='word_1_172' title='bbox 1100 3613 1218 3681; x_wconf 90' lang='lat' dir='ltr'>omnia</span> <span class='ocrx_word' id='word_1_173' title='bbox 1246 3616 1349 3697; x_wconf 89' lang='lat' dir='ltr'>regat</span> <span class='ocrx_word' id='word_1_174' title='bbox 1362 3616 1399 3681; x_wconf 84' lang='lat' dir='ltr'>et</span> 
     </span>
     <span class='ocr_line' id='line_1_28' title="bbox 393 3724 1395 3815; baseline 0.004 -23"><span class='ocrx_word' id='word_1_175' title='bbox 393 3724 552 3812; x_wconf 85' lang='lat' dir='ltr'>explicet.</span> <span class='ocrx_word' id='word_1_176' title='bbox 572 3728 684 3794; x_wconf 82' lang='lat' dir='ltr'>cansa</span> <span class='ocrx_word' id='word_1_177' title='bbox 698 3731 813 3797; x_wconf 88' lang='lat' dir='ltr'>aulem</span> <span class='ocrx_word' id='word_1_178' title='bbox 829 3747 970 3815; x_wconf 85' lang='lat' dir='ltr'>quares</span> <span class='ocrx_word' id='word_1_179' title='bbox 985 3733 1180 3810; x_wconf 83' lang='lat' dir='ltr'>moventur,</span> <span class='ocrx_word' id='word_1_180' title='bbox 1197 3746 1292 3797; x_wconf 74' lang='lat' dir='ltr'>caeca</span> <span class='ocrx_word' id='word_1_181' title='bbox 1317 3732 1395 3811; x_wconf 89' lang='lat' dir='ltr'>est,</span> 
     </span>
    </p>
   </div>
   <div class='ocr_carea' id='block_1_4' title="bbox 426 4079 1074 4507">
    <p class='ocr_par' dir='ltr' id='par_1_6' title="bbox 428 4079 1074 4239">
     <span class='ocr_line' id='line_1_29' title="bbox 429 4079 1074 4150; baseline -0.003 -15"><span class='ocrx_word' id='word_1_182' title='bbox 429 4079 437 4110; x_wconf 91' lang='lat'>¹</span> <span class='ocrx_word' id='word_1_183' title='bbox 458 4082 575 4135; x_wconf 71' lang='lat' dir='ltr'>Surum.</span> <span class='ocrx_word' id='word_1_184' title='bbox 587 4084 673 4150; x_wconf 67' lang='lat' dir='ltr'>phys,</span> <span class='ocrx_word' id='word_1_185' title='bbox 690 4084 708 4134; x_wconf 86' lang='lat' dir='ltr'>i.</span> <span class='ocrx_word' id='word_1_186' title='bbox 723 4089 766 4144; x_wconf 68' lang='grc' dir='ltr'>κς</span> <span class='ocrx_word' id='word_1_187' title='bbox 782 4100 823 4150; x_wconf 85' lang='lat' dir='ltr'>ap.</span> <span class='ocrx_word' id='word_1_188' title='bbox 837 4082 951 4145; x_wconf 64' lang='lat' dir='ltr'>zanua,</span> <span class='ocrx_word' id='word_1_189' title='bbox 967 4084 1016 4136; x_wconf 80' lang='lat' dir='ltr'>loc.</span> <span class='ocrx_word' id='word_1_190' title='bbox 1033 4087 1074 4136; x_wconf 82' lang='lat' dir='ltr'>cit.</span> 
     </span>
     <span class='ocr_line' id='line_1_30' title="bbox 428 4166 774 4239; baseline 0.003 -17"><span class='ocrx_word' id='word_1_191' title='bbox 428 4166 440 4199; x_wconf 75' lang='lat'>⁸</span> <span class='ocrx_word' id='word_1_192' title='bbox 459 4172 562 4225; x_wconf 77' lang='lat' dir='ltr'>Amr..</span> <span class='ocrx_word' id='word_1_193' title='bbox 577 4170 666 4239; x_wconf 54' lang='lat' dir='ltr'>Pice,</span> <span class='ocrx_word' id='word_1_194' title='bbox 681 4188 737 4232; x_wconf 77' lang='lat' dir='ltr'>vnn,</span> <span class='ocrx_word' id='word_1_195' title='bbox 753 4177 774 4223; x_wconf 87' lang='lat' dir='ltr'>i.</span> 
     </span>
    </p>

    <p class='ocr_par' dir='ltr' id='par_1_7' title="bbox 428 4254 961 4323">
     <span class='ocr_line' id='line_1_31' title="bbox 428 4254 961 4323; baseline -0.004 -11"><span class='ocrx_word' id='word_1_196' title='bbox 428 4254 440 4285; x_wconf 82' lang='lat'>⁸</span> <span class='ocrx_word' id='word_1_197' title='bbox 459 4262 564 4321; x_wconf 70' lang='lat' dir='ltr'>Auram,</span> <span class='ocrx_word' id='word_1_198' title='bbox 577 4259 640 4311; x_wconf 74' lang='lat' dir='ltr'>Met.</span> <span class='ocrx_word' id='word_1_199' title='bbox 657 4277 703 4319; x_wconf 66' lang='grc' dir='ltr'>ιιι.</span> <span class='ocrx_word' id='word_1_200' title='bbox 718 4266 746 4318; x_wconf 67' lang='grc' dir='ltr'>ῦς</span> <span class='ocrx_word' id='word_1_201' title='bbox 762 4262 789 4311; x_wconf 80' lang='lat' dir='ltr'>de</span> <span class='ocrx_word' id='word_1_202' title='bbox 801 4260 870 4323; x_wconf 73' lang='lat' dir='ltr'>Col,</span> <span class='ocrx_word' id='word_1_203' title='bbox 886 4276 924 4311; x_wconf 85' lang='lat' dir='ltr'>ru.</span> <span class='ocrx_word' id='word_1_204' title='bbox 939 4265 961 4311; x_wconf 84' lang='lat' dir='ltr'>t.</span> 
     </span>
    </p>

    <p class='ocr_par' dir='ltr' id='par_1_8' title="bbox 427 4341 687 4415">
     <span class='ocr_line' id='line_1_32' title="bbox 427 4341 687 4415; baseline 0.004 -15"><span class='ocrx_word' id='word_1_205' title='bbox 427 4341 437 4373; x_wconf 74' lang='lat'>⁸</span> <span class='ocrx_word' id='word_1_206' title='bbox 455 4348 512 4400; x_wconf 74' lang='lat' dir='ltr'>ser.</span> <span class='ocrx_word' id='word_1_207' title='bbox 527 4347 615 4415; x_wconf 65' lang='lat' dir='ltr'>Phys„</span> <span class='ocrx_word' id='word_1_208' title='bbox 631 4367 649 4409; x_wconf 85' lang='lat' dir='ltr'>r,</span> <span class='ocrx_word' id='word_1_209' title='bbox 666 4357 687 4401; x_wconf 79' lang='lat'>⁵.</span> 
     </span>
    </p>

    <p class='ocr_par' dir='ltr' id='par_1_9' title="bbox 426 4430 735 4507">
     <span class='ocr_line' id='line_1_33' title="bbox 426 4430 735 4507; baseline 0.003 -18"><span class='ocrx_word' id='word_1_210' title='bbox 426 4430 439 4466; x_wconf 77' lang='lat'>⁸</span> <span class='ocrx_word' id='word_1_211' title='bbox 452 4434 489 4489; x_wconf 76' lang='lat' dir='ltr'>De</span> <span class='ocrx_word' id='word_1_212' title='bbox 502 4435 685 4507; x_wconf 63' lang='lat' dir='ltr'>Pne.put.,1‚</span> <span class='ocrx_word' id='word_1_213' title='bbox 699 4443 735 4491; x_wconf 69' lang='lat' dir='ltr'>aa.</span> 
     </span>
    </p>
   </div>
   <div class='ocr_carea' id='block_1_5' title="bbox 0 0 1784 5544">
    <p class='ocr_par' dir='ltr' id='par_1_10' title="bbox 0 0 1784 5544">
     <span class='ocr_line' id='line_1_34' title="bbox 0 0 1784 5544; baseline 0 2"><span class='ocrx_word' id='word_1_214' title='bbox 0 0 1784 5544; x_wconf 95' lang='lat' dir='ltr'> </span> 
     </span>
    </p>
   </div>
  </div>
 </body>
</html>
