3560 5544
495 867 823 938 manantiumque
850 850 973 919 millies
1000 850 1174 934 diviseris,
1183 851 1269 935 quid
1290 851 1490 938 stipereritt

497 968 566 1037 but
579 964 678 1045 nihil,
695 970 754 1034 ant
767 965 907 1051 nmine.
928 966 962 1033 Si
977 966 1076 1048 nibil,
1105 985 1149 1034 er
1176 965 1283 1035 nihite
1304 967 1493 1053 composta

497 1099 646 1167 terpora
657 1081 817 1149 eanibilo
837 1082 1008 1166 orientum
1024 1082 1115 1168 qued
1128 1082 1330 1153 absurdum
1345 1086 1413 1153 est.
1433 1081 1492 1150 Sin

497 1199 612 1264 autem
634 1195 775 1283 aliquid,
802 1201 1079 1279 numextensum
1100 1198 1167 1265 erit
1179 1197 1290 1265 iilud?
1305 1196 1403 1274 Quod
1419 1197 1495 1267 fleri

489 1312 638 1380 ,minime
653 1315 778 1397 potest,
790 1315 849 1381 aut
861 1312 1103 1401 restat-aliquid
1121 1313 1214 1398 qnod
1236 1312 1390 1391 nendum
1404 1311 1498 1385 divi-

498 1433 653 1512 sumest3
669 1428 794 1497 iterum
807 1429 927 1513 igitur,
940 1449 1048 1516 usque
1057 1431 1102 1497 ad
1111 1430 1294 1511 infinitum,
1309 1429 1345 1496 id
1357 1429 1494 1514 divim,

497 1548 672 1631 postremo
694 1547 753 1611 aut
770 1542 855 1611 nihil
880 1547 940 1611 aut
965 1548 1147 1612 extensum
1167 1543 1294 1629 aliquid
1318 1543 1489 1619 invenies.

499 1661 551 1726 Ex
569 1658 677 1725 nihilo
705 1657 810 1741 igitur
836 1657 1029 1742 gignuntur
1055 1677 1213 1747 corpora,
1231 1664 1290 1729 aut
1301 1657 1408 1747 (quod
1422 1679 1493 1729 non

497 1773 613 1841 minus
624 1770 821 1859 absurdum)
840 1791 884 1841 ex
910 1774 1092 1842 inextenso
1110 1775 1290 1843 materiam
1314 1779 1492 1845 extensam

499 1888 619 1957 trabis.
637 1888 735 1965 Quod
750 1889 778 1956 si
786 1889 874 1957 nihil
887 1894 996 1958 restat
1016 1892 1162 1972 extensi,
1182 1895 1217 1960 at
1243 1895 1375 1961 tantum
1393 1892 1494 1961 modo

500 2002 599 2088 quasi
612 2001 725 2070 virtus
740 2003 864 2089 aliqua,
881 2005 1007 2073 iterum
1016 2005 1139 2075 rationi
1155 2012 1328 2093 repugnat
1336 2026 1380 2075 ex
1394 2007 1497 2075 inex-

501 2122 601 2195 tenso
628 2121 809 2187 extensum
840 2120 968 2205 aliquid
988 2125 1143 2205 exstare.
1173 2123 1225 2188 Ex
1256 2121 1363 2190 nihile
1386 2121 1495 2203 nihil;

500 2252 644 2307 necesse
658 2238 712 2302 est
720 2235 841 2319 igitur,
857 2235 886 2302 si
909 2237 1062 2304 dividere
1076 2255 1292 2324 perseveres,
1317 2238 1363 2304 ad
1376 2241 1496 2309 extre-

501 2370 596 2420 mum
607 2351 642 2419 id
656 2350 814 2420 invenias
827 2353 1000 2438 quodjam
1013 2353 1118 2421 dividi
1131 2372 1203 2421 non
1218 2353 1326 2443 possit
1338 2352 1363 2421 ¹.

544 2469 592 2535 De
606 2466 649 2534 iis
666 2485 744 2553 quae
761 2467 867 2534 dividi
881 2485 953 2535 non
968 2471 1113 2555 possunt
1118 2470 1193 2553 jam
1206 2468 1241 2536 id
1255 2471 1394 2555 putetur
1407 2463 1499 2553 qnod

493 2581 545 2648 .de
559 2582 601 2663 τῷ
614 2579 674 2642 ὄντι
691 2580 838 2661 Eleates,
853 2583 1023 2651 rationem
1043 2584 1151 2652 secuti
1177 2584 1415 2666 erediderunt3
1440 2582 1499 2649 in-

502 2701 665 2783 corrupta
678 2698 882 2779 habeantur,
901 2703 1032 2767 aeterna
1051 2703 1152 2787 atque
1166 2698 1388 2789 immutabilia
1399 2701 1499 2789 ;.tnm

471 2813 679 2881 *rationalis
696 2813 811 2881 unitas
825 2832 904 2881 cum
920 2814 1136 2884 multitudine
1147 2814 1300 2883 sensibili
1328 2817 1498 2903 congruet

503 2932 539 2995 et
547 2927 750 2997 consentiet.
764 2929 968 2997 ExEleatiea
975 2929 1158 3016 disciplina
1169 2930 1326 2999 notitiam
1338 2928 1388 2990 τοῦ
1404 2925 1498 3007 ὄντος,

503 3044 670 3113 exloniea
684 3046 741 3105 τῶν
757 3040 847 3104 ὄντων
856 3043 1502 3128 multitudinemretinuerimus2.itaque

503 3159 537 3225 in
553 3158 668 3227 locum
682 3176 803 3226 eorum
822 3176 900 3244 qaae
913 3161 1081 3245 apparent
1108 3158 1152 3226 iis
1172 3176 1250 3244 quae
1265 3157 1504 3241 intelliguntur

505 3274 686 3359 subjectis,
703 3273 794 3360 quod
807 3273 944 3360 utrique
958 3273 1149 3360 disciplinae
1167 3254 1257 3343 inest
1272 3273 1369 3345 nimii
1386 3277 1420 3340 et
1449 3289 1504 3340 ar·

504 3389 718 3475 rogantioris
731 3389 964 3474 effugerimus.

532 3505 671 3573 -Plures
686 3504 886 3589 eorum,qni
901 3505 943 3571 de
955 3503 1184 3592 philosophiae
1200 3461 1343 3572 historia
1356 3504 1502 3595 scripse
1634 3486 1642 3503 ’

505 3624 599 3702 runt,
628 3624 814 3707 propterea
840 3620 933 3705 quod
966 3638 1039 3688 non
1079 3619 1324 3690 intellexerunt
1355 3619 1503 3695 mediam

506 3739 615 3809 misse
639 3739 731 3807 inter
751 3738 959 3807 contrarias·
978 3737 1177 3825 diseiplinas
1190 3741 1384 3807 atomorum
1400 3736 1504 3831 ratio·

506 3871 599 3932 nem,
617 3870 694 3920 eam
707 3850 891 3931 voluerunt
907 3851 1015 3923 fuisse
1030 3869 1102 3921 non
1115 3851 1220 3918 finem
1242 3849 1288 3921 ad
1303 3867 1405 3936 quem
1436 3865 1504 3949 na-

499 3971 586 4036 tura
600 3967 782 4055 pervenire
796 3967 937 4041 deberet
949 3969 1082 4054 primus
1094 3968 1223 4053 graesae
1238 3964 1414 4057 sapientias
1429 3981 1505 4061 eur·

546 4435 556 4479 ¹
574 4440 664 4502 Amr.
678 4438 707 4502 de
723 4437 783 4501 se.
797 4388 819 4500 st
837 4436 917 4509 Gerr„
933 4453 952 4508 i,
967 4444 989 4505 2.
