3560 5544
936 849 1096 909 ..35-

456 970 463 987 '
531 983 616 1058 Quae
635 985 751 1049 autem
778 979 978 1048 eorumdem
1002 978 1221 1063 scriptorum,
1243 978 1307 1046 etsi
1335 977 1425 1046 inter
1453 997 1491 1046 se

485 1112 685 1180 repugnare
714 1095 888 1174 videnlur,
916 1092 1017 1159 facile
1048 1096 1164 1158 tamen
1199 1092 1432 1172 consentiunt,
1463 1093 1490 1158 si

485 1211 680 1277 atomorum
704 1209 874 1276 rationem
890 1225 967 1275 eam
987 1206 1096 1274 fuisse
1121 1209 1275 1293 reputas,
1305 1225 1382 1293 quae
1410 1208 1490 1291 jure

484 1318 638 1390 συνθητική
657 1312 867 1391 nominetur.
893 1325 1004 1399 Quum
1020 1321 1113 1388 enim
1140 1326 1247 1405 negat
1273 1322 1490 1391 Democritus

484 1442 646 1511 sensibus
663 1441 900 1509 tantummodo
915 1439 1081 1508 utendum
1095 1457 1186 1520 esse,
1202 1438 1293 1505 idem
1318 1439 1490 1506 concludit

483 1563 586 1645 atque
602 1557 742 1643 sceptici
761 1571 769 1622 :
789 1575 911 1624 verum
935 1555 1072 1623 scilicet*
1096 1573 1156 1622 eos
1179 1554 1313 1638 sugere,
1333 1555 1443 1639 iisque
1454 1555 1489 1620 in
1527 1608 1532 1619 .

483 1673 656 1759 profundo
679 1672 815 1759 penitus
829 1672 937 1740 latere
954 1671 1149 1738 veritatem.
1169 1672 1282 1747 Quare
1298 1669 1491 1737 Aristotelis

482 1788 621 1873 quidam
635 1787 818 1873 interpres,
835 1806 956 1855 eorum
966 1791 1167 1854 antecessor
1184 1804 1331 1871 quorum
1346 1790 1490 1853 senten-

482 1905 540 1972 tiae
557 1904 796 1984 adversamur,
811 1904 1043 1971 Democritum
1073 1922 1152 1969 cum
1170 1905 1364 1986 Protagora
1377 1902 1489 1988 aequi-

482 2025 584 2108 parat
601 2019 625 2086 ¹.
642 2023 754 2097 Quum
783 2039 867 2088 vero
899 2039 943 2087 ex
971 2020 1085 2105 specie
1116 2018 1186 2084 vim
1212 2037 1331 2085 veram
1346 2020 1486 2098 excutit,

483 2147 672 2216 eorumque
688 2133 852 2201 inlocum
867 2151 946 2218 quae
971 2133 1115 2200 confuse
1132 2137 1165 2199 ct
1182 2132 1318 2200 diverse
1337 2133 1490 2200 sentiun-

481 2253 538 2316 tur
549 2249 585 2316 id
601 2251 693 2336 quod
708 2251 801 2318 clare
827 2250 1033 2332 intelligitur
1057 2254 1091 2316 et
1118 2249 1209 2316 tunde
1227 2267 1348 2316 rerum
1365 2249 1486 2328 oritur,

480 2367 627 2449 inducit,
653 2370 737 2436 certi
757 2368 884 2454 aliquid
913 2368 1106 2434 confirmat.
1134 2369 1247 2444 Quare
1273 2367 1489 2453 potuit,Plu·

480 2484 600 2550 larcho
627 2490 782 2563 auctore,
807 2483 915 2551 multa
932 2488 966 2549 et
989 2482 1111 2566 gravia
1128 2483 1297 2550 adversus
1313 2484 1488 2567 Protago-

481 2616 556 2664 ram
571 2600 730 2666 cumdem
746 2599 899 2666 scribere
916 2597 941 2665 2.
960 2599 1093 2664 Etenim
1120 2599 1148 2665 si
1173 2598 1324 2685 priorem
1342 2599 1487 2666 rationis

453 2752 456 2758 Α
480 2715 558 2797 ejus
572 2719 717 2801 partem,
739 2713 896 2798 neglecta
928 2714 1049 2795 altera,
1082 2714 1295 2795 consideras,
1317 2716 1488 2803 scepticus

480 2829 683 2912 habebitur3
709 2835 890 2921 utramque
907 2848 991 2895 vero
1019 2829 1049 2896 si
1067 2830 1152 2896 velis
1173 2833 1402 2915 conjungere,
1416 2849 1488 2898 non

483 2945 671 3030 scepticum
689 2945 799 3012 luisse
810 2944 871 3011 tibi
888 2945 1070 3030 probatum
1086 2945 1164 3025 erit,
1186 2964 1297 3031 neque
1312 2947 1487 3031 putavisse

483 3061 600 3128 omnia
615 3078 698 3127 vera
715 3060 890 3127 hominem
902 3059 1021 3126 latere.

523 3271 565 3337 ll.
578 3269 770 3355 Leucippus
781 3273 815 3336 et
826 3269 1055 3350 Damocritus,
1066 3269 1113 3336 ait
1124 3269 1340 3350 Aristoteles,
1350 3275 1386 3337 ut
1395 3271 1488 3356 prin·

483 3385 700 3470 cipiarcrum
716 3389 938 3470 sumpserunt
956 3380 988 3445 τὸ
1002 3379 1034 3445 lo
1048 3381 1098 3444 καὶ
1117 3381 1149 3445 τὸ
1168 3384 1208 3469 pt
1229 3383 1273 3461 ὅν,
1290 3385 1429 3471 plenum
1454 3391 1488 3453 et

483 3517 631 3566 vacuum
648 3496 674 3565 ³.
693 3500 770 3567 Non
785 3504 900 3567 autem
918 3518 1005 3587 pura
1022 3501 1135 3568 unitas
1166 3505 1219 3569 est
1242 3497 1275 3561 τὸ
1288 3499 1332 3577 ὅν,
1359 3502 1419 3568 sed
1444 3521 1488 3568 ex

483 3615 619 3682 infinita
632 3614 852 3682 multitudine
867 3617 1114 3702 particularum
1128 3621 1275 3694 constat,
1287 3636 1364 3703 quae
1380 3617 1488 3685 videri

487 3750 557 3798 non
571 3740 730 3816 possunt,
762 3734 796 3798 et
809 3750 888 3816 quae
911 3732 947 3798 in
976 3751 1086 3800 vacuo
1101 3738 1300 3809 moventur;
1316 3752 1387 3800 non
1406 3750 1489 3800 vero

484 3843 517 3908 τὸ
533 3845 572 3930 μὴ
588 3843 619 3905 ὅν
642 3846 729 3913 nihil
760 3852 814 3914 est
840 3848 907 3914 nisi
932 3849 1138 3932 cogitatum,
1179 3849 1240 3916 scd
1269 3849 1489 3917 intervallum

485 3962 576 4047 quod
594 3962 782 4049 particulas
795 3967 830 4030 et
842 3964 1089 4049 particularum
1104 3965 1397 4049 congregationes
1405 3963 1490 4033 alias

437 4130 439 4135 .
485 4077 615 4147 exaliis
633 4078 800 4162 sejungit.

529 4191 703 4277 Principia
733 4183 988 4279 dampnorum
1020 4202 1204 4283 utrumque
1234 4215 1302 4264 nno
1331 4201 1367 4264 et
1380 4197 1488 4264 altero

521 4384 527 4414 ¹
550 4389 656 4456 Philop„
676 4391 699 4439 in
714 4391 806 4441 Arusr.
826 4390 918 4443 Aaou..
932 4395 961 4453 lt,
981 4402 1012 4447 ll.
1027 4414 1058 4451 m;
1080 4416 1119 4463 ap.
1137 4398 1246 4453 chnnn,
1259 4397 1305 4445 loc.
1323 4400 1366 4446 cit.

519 4474 530 4503 ¹
551 4476 612 4528 lde.
629 4476 716 4536 Colch,
728 4486 749 4528 l.

520 4562 530 4592 ³
550 4566 600 4616 Mel
616 4585 651 4626 ,1,
667 4574 686 4615 l.
