3560 5544
731 716 889 780 ...43-

309 858 416 946 pulsu
426 857 486 945 qui
502 875 547 926 ex
576 857 644 925 alio
676 855 828 942 impulsu
861 858 959 925 ortus
982 860 1050 926 ost.
1080 860 1197 928 Motus
1207 859 1317 944 rotmi-

308 993 377 1061 quo
395 976 550 1058 aguntur
573 971 693 1052 atomi,
709 974 810 1040 extra
824 973 964 1040 atomos
974 975 1040 1053 est,
1069 976 1108 1040 ut
1123 973 1171 1040 ita
1188 972 1320 1056 dicam3·

308 1106 420 1176 nsque
436 1107 481 1157 ex
493 1086 579 1175 ipsis
594 1087 769 1171 nascitur;
787 1090 903 1154 motus
931 1088 1181 1175 cujuscumque
1210 1106 1318 1159 causa

309 1209 363 1274 est
375 1204 557 1291 impulsus,
576 1205 680 1289 cujus
694 1202 805 1289 ipsius
820 1203 932 1289 prima
947 1221 1054 1271 causa
1066 1204 1219 1273 inveniri
1244 1224 1318 1274 nou

312 1323 438 1407 potest,
454 1337 566 1405 neque
581 1318 650 1386 uita
668 1321 732 1385 est.
751 1318 835 1385 Inde
863 1336 909 1386 er
931 1318 975 1386 iis
998 1319 1173 1388 coutinuis
1186 1320 1318 1407 impuk
1407 1351 1411 1360 ·

313 1436 482 1516 sionibus,
500 1453 579 1522 quae
608 1434 700 1503 inter
728 1437 864 1503 atomos
891 1434 928 1502 in
955 1452 1068 1504 vacuo
1092 1438 1192 1519 fiunt,
1208 1437 1318 1508 oritur

313 1554 482 1640 cujusque
500 1550 681 1631 osculatio,
706 1569 785 1636 quae
802 1550 964 1618 facillime
991 1549 1178 1638 impulsum
1202 1553 1317 1641 ipsum

314 1669 495 1755 sequitur3
519 1686 564 1736 ex
579 1667 648 1735 itlis
670 1670 847 1753 postremo
874 1671 1070 1736 atomorum
1096 1668 1318 1739 oscillationi-

310 1784 376 1853 bus
391 1784 555 1869 gignitur
568 1782 761 1851 universus
774 1781 891 1865 turbo,
906 1782 998 1850 unde
1028 1801 1086 1851 res
1103 1802 1225 1853 omnes
1252 1787 1320 1855 ori

314 1900 431 1985 ginem
445 1900 577 1968 ducunt
593 1900 617 1969 ¹.

358 2016 503 2105 Quidam
529 2035 614 2088 vero
630 2018 816 2086 voluerunt
834 2035 893 2086 res
914 2018 1098 2086 universas
1113 2022 1209 2087 recto
1224 2023 1319 2087 motu

313 2134 415 2215 efflei,
431 2135 533 2220 cujus
547 2152 654 2202 causa
671 2137 766 2201 esset
780 2139 975 2202 atomorum
989 2134 1126 2220 pondus
1142 2133 1167 2202 ³.
1195 2135 1262 2202 Per
1280 2136 1321 2202 sd

313 2250 407 2336 ipsas
422 2249 529 2317 atomi
548 2267 671 2317 omnes
701 2267 844 2317 cursum
874 2249 1034 2319 eumdem
1062 2258 1181 2318 tenere
1210 2250 1319 2318 debc-

314 2370 412 2449 rent3
442 2365 502 2433 sed
537 2384 643 2451 quum
672 2365 861 2450 inaequales
891 2365 959 2432 siut
988 2365 1079 2433 mole
1105 2368 1139 2433 et
1150 2365 1318 2452 pondera

314 2481 446 2548 tardius
459 2481 536 2549 aliae
554 2481 703 2550 celerius
718 2480 796 2548 aliae
812 2480 977 2549 labuntur
985 2498 996 2565 ;
1017 2499 1124 2568 quare
1138 2480 1217 2550 aliae
1234 2480 1320 2550 alias

316 2601 598 2684 consequuntur3
623 2596 774 2665 leviores
791 2596 1014 2680 gravioribus
1041 2598 1079 2666 in
1106 2598 1321 2684 superiorem

315 2713 447 2794 partem
463 2709 566 2796 spatii
582 2714 678 2779 retro
691 2714 875 2794 urgentur,
893 2709 1008 2797 itaque
1024 2729 1069 2778 ex
1085 2710 1236 2780 motibus
1251 2710 1319 2780 illis

314 2824 474 2907 diversis,
506 2826 731 2912 repetitisque
764 2826 905 2906 ictibus,
922 2826 961 2892 ut
991 2825 1236 2895 circumvectio
1259 2829 1321 2893 aut

315 2940 414 3008 turbo
428 2959 496 3026 quo
510 2941 649 3009 tandem
677 2941 805 3024 ingens
833 2945 1027 3010 atomorum
1042 2941 1151 3010 moles
1176 2944 1321 3026 torpue-

312 3058 381 3122 tur.

355 3170 559 3238 Atomorum
582 3188 660 3256 quae
685 3169 731 3237 sit
760 3187 845 3237 vera
871 3170 959 3238 ratio
978 3189 1051 3238 non
1072 3174 1166 3239 recte
1189 3171 1322 3258 judicat

313 3284 371 3369 qui
401 3283 444 3352 iis
464 3286 542 3370 ejus
559 3285 702 3368 generis
725 3286 902 3372 propriam
929 3291 964 3355 et
988 3287 1146 3355 intimam
1169 3288 1239 3356 vim
1256 3289 1323 3355 tri-

312 3397 398 3467 buit.
414 3400 549 3467 Praeter
565 3399 658 3467 enim
687 3399 834 3467 sormam
868 3404 902 3468 et
929 3401 1218 3484 magnitudinem,
1234 3403 1321 3486 ‘quae

314 3514 458 3584 externa
478 3520 572 3597 sunt,
602 3515 690 3583 nihil
720 3502 812 3584 inest
837 3517 969 3603 proprii
986 3518 1123 3585 atomis.
1150 3510 1323 3586 Nonsunt

313 3613 496 3699 elementis
508 3613 585 3700 leve
600 3636 635 3699 et
652 3648 781 3715 graver
797 3631 835 3701 in
851 3622 1050 3701 commixtis
1064 3651 1148 3701 vero
1181 3637 1323 3701 atomo-

313 3766 391 3816 rum
409 3747 559 3832 globulis
573 3766 619 3816 ex
630 3746 821 3835 imparibus
832 3749 928 3837 pleni
939 3753 975 3817 et
986 3749 1087 3818 vacui
1100 3748 1323 3836 portionibus

313 3868 504 3931 nascuntur
517 3861 543 3931 ⁸.
559 3865 622 3932 Vis
638 3880 707 3951 qua
722 3868 908 3934 moventur
921 3865 1050 3946 omnia,
1078 3870 1180 3934 extra
1202 3872 1322 3934 rerum

314 3960 483 4048 elementa
512 3962 631 4066 riget3
661 3964 754 4068 ‹iuod
784 3966 868 4050 uero
893 3970 964 4051 illis
982 3970 1323 4052 Aristoteles-tribuit

348 4285 357 4344 3
372 4290 412 4347 Ct
428 4250 594 4354 uzacum,
608 4252 681 4344 riu.
693 4289 722 4342 do
737 4287 811 4342 Pte.
835 4288 907 4350 Aac..
918 4290 962 4343 lib.
983 4306 1021 4347 m.
1036 4307 1059 4344 c.
1075 4297 1096 4341 t.

348 4375 361 4409 ¹
380 4380 495 4444 mm,
509 4381 557 4434 loc.
573 4383 616 4433 oia

349 4461 362 4500 ⁸
379 4469 511 4531 mort..
525 4470 555 4521 do
571 4466 652 4530 sm..
666 4474 703 4530 u.
716 4473 755 4526 0⁸.
