3560 5544
906 780 1063 845 ..13-

493 914 627 984 videtur
642 915 784 998 Tullius,
799 913 921 987 Acuti..
937 934 977 999 u,
993 916 1059 984 23:
1080 941 1096 979 ι
1116 917 1204 996 Quid
1225 918 1346 1004 loquar
1361 920 1403 989 do
1419 921 1488 989 De·

492 1031 665 1100 mocritot
687 1034 794 1111 Quem
822 1050 901 1100 cum
928 1052 970 1124 eo
1000 1033 1171 1115 conterre¹
1188 1052 1374 1121 possumus
1416 1054 1487 1105 nou

490 1147 592 1216 modo
606 1147 739 1233 ingenii
756 1148 1005 1232 magnitudine,
1037 1150 1099 1218 sed
1125 1150 1230 1218 etiam
1261 1150 1395 1219 animit
1420 1153 1485 1230 Qui

489 1265 537 1332 ita
559 1265 603 1333 sit
627 1282 733 1333 ausus
763 1264 899 1332 ordiri:
943 1261 1029 1334 Haec
1056 1262 1178 1357 loquor
1210 1262 1256 1335 dc
1284 1264 1481 1336 uniuersis.

488 1381 580 1449 Nihil
595 1380 721 1466 excipit
742 1381 783 1449 de
798 1400 865 1467 quo
876 1399 946 1448 non
960 1382 1174 1467 profiteatur.
1194 1408 1209 1444 »
1227 1382 1327 1450 Haud
1356 1384 1485 1451 imme-

487 1496 553 1564 rito
570 1495 810 1563 animadvertit
841 1495 1045 1564 Mullaebius
1062 1495 1140 1582 (loc.
1158 1495 1230 1584 cit.)
1258 1495 1331 1564 falti
1358 1499 1484 1565 Mena-

487 1612 597 1697 gium,
612 1609 658 1680 od
672 1611 870 1692 Luert.‚1x‚
884 1611 941 1692 46,
970 1636 985 1671 «
1005 1612 1040 1677 in
1062 1629 1103 1679 eo
1121 1612 1212 1699 quod
1227 1613 1269 1681 ab
1280 1609 1433 1699 'Epicuro
1445 1612 1482 1681 in
1612 1666 1619 1677 .

488 1727 633 1814 epistola
658 1727 701 1794 ad
725 1727 936 1795 Herodotum
960 1726 1087 1813 scripta
1115 1745 1170 1814 ap.
1212 1729 1329 1813 Diog„
1357 1728 1418 1797 tib.
1443 1745 1481 1810 x,
1536 1751 1539 1758 ·

486 1843 608 1918 35-83.
644 1838 819 1931 Mupuuut
850 1838 1071 1909 Diocouruuut
1112 1857 1317 1925 germanum
1352 1841 1484 1927 ingenii

487 1956 670 2024 Democriti
687 1958 808 2025 foetum
826 1957 990 2044 appellari
1019 1959 1210 2028 contendit.
1226 1958 1327 2027 Nulla
1341 1959 1389 2027 ibi
1405 1960 1482 2045 ejus

487 2073 537 2140 rei
554 2073 844 2140 commemoratio.
865 2099 880 2134 »

528 2188 564 2255 2ο
578 2170 850 2278 Κοσμογραφίκ.“-
887 2189 988 2273 Diog.
1013 2188 1141 2269 Laert,
1164 2207 1215 2265 rx,
1238 2190 1292 2256 46.
1310 2225 1350 2238 -
1370 2189 1479 2273 Hujus

484 2304 564 2373 libri
583 2305 676 2372 nulla
699 2304 791 2392 apud
804 2304 910 2373 alium
924 2302 1116 2385 titmeutio‚
1135 2323 1236 2390 quem
1263 2309 1378 2370 tamen
1412 2321 1479 2388 ge·

485 2423 627 2489 nuiuum
645 2420 820 2488 declarare
834 2418 983 2487 auserim
993 2437 1003 2503 3
1023 2417 1145 2487 Strabo
1156 2419 1261 2498 enim,
1279 2418 1480 2487 auctoritate

440 2554 446 2565 ·
486 2534 802 2619 praestantissimus,
832 2535 868 2601 in
891 2533 1006 2619 operis
1034 2533 1087 2600 sui
1109 2532 1220 2614 initio,
1250 2532 1480 2601 Democritum

486 2653 690 2716 annumerat
703 2649 792 2716 inter
808 2666 868 2715 eos
887 2649 944 2733 qui
962 2648 1062 2734 primi
1087 2651 1164 2734 post
1194 2649 1380 2715 Homerum
1397 2664 1481 2732 geo·

484 2766 664 2852 graphium
675 2766 877 2849 attigerunt.

529 2882 563 2949 3ο
586 2875 660 2970 Περὶ
685 2883 742 2942 τῶν
766 2875 936 2947 stadem.
956 2914 1000 2928 -
1031 2880 1131 2963 Diog.
1163 2881 1292 2962 Laeti„
1320 2880 1402 2948 ibid.
1436 2917 1480 2930 -

486 2996 624 3082 AEgidio
641 2983 802 3082 Menagid
819 2996 863 3064 ad
876 2997 968 3064 huuc
987 2995 1112 3063 librum
1128 3001 1285 3081 spectaro
1303 2995 1396 3063 haud
1418 2996 1481 3063 im-

486 3098 607 3180 merito
637 3112 732 3180 visus
758 3116 811 3180 est
837 3112 979 3192 Seneca,
1000 3127 1106 3195 quum
1133 3110 1205 3176 ait:
1233 3110 1481 3178 «Democritus

484 3244 630 3313 quoque,
650 3226 893 3295 subtilissimus
903 3220 1295 3310 antiquorumomnium,
1311 3225 1480 3312 suspicari

485 3342 533 3410 ait
549 3360 587 3410 se
606 3341 722 3428 plures
736 3341 854 3410 stellas
871 3360 949 3410 esse
965 3359 1043 3426 quae
1057 3346 1217 3420 curraut;
1248 3340 1309 3407 sed
1337 3358 1400 3408 nec
1416 3360 1479 3409 nu-

484 3475 616 3525 merum
630 3457 766 3525 illarum
783 3457 910 3543 posuit,
942 3475 1007 3525 uec
1023 3456 1176 3536 nomina,
1202 3455 1356 3524 noudum
1380 3475 1480 3525 com·

483 3573 663 3660 prehensis
705 3573 854 3659 quinque
898 3572 1050 3641 siderum
1092 3573 1297 3640 cursibus.»
1333 3573 1470 3646 Notou.

484 3682 624 3765 Quoest..
644 3688 718 3756 Lib.
738 3688 815 3769 ult,
833 3705 868 3755 c.
891 3688 923 3756 3.
944 3714 958 3749 ι
976 3688 1051 3757 Huc
1065 3706 1183 3775 porro,
1195 3688 1244 3756 ait
1260 3686 1476 3770 Mullachius,

480 3802 636 3886 locuit,
657 3802 796 3890 respicit
822 3803 1035 3885 Aristoteles,
1055 3803 1217 3885 Meteon,
1236 3804 1293 3873 lib.
1311 3826 1334 3885 1,
1348 3823 1424 3892 cap.
1443 3804 1476 3882 6,

482 3921 668 3989 testificans
684 3921 928 4004 Anaxagoram
939 3924 973 3988 et
985 3921 1215 3989 Democritum
1239 3921 1402 3989 statuisse
1420 3939 1478 3989 co·
1542 3972 1544 3975 -

480 4038 589 4102 metas
608 4034 821 4121 planetarum
835 4053 912 4104 esse
921 4036 1212 4121 conjunctionem,
1221 4055 1325 4122 quum
1337 4039 1478 4122 propter

477 4168 600 4219 cursus
615 4150 775 4218 viciniam
799 4149 945 4220 inuicem
961 4155 1106 4235 tangere
1133 4152 1326 4220 videantur.
1360 4151 1475 4220 Utitur

478 4271 594 4337 autom
612 4266 667 4337 bis
682 4267 823 4336 verbis:
850 4260 1079 4356 «Ἀναξαγόρας
1096 4260 1148 4350 μὲν
1163 4253 1276 4328 οὖνκαὶ
1294 4262 1475 4359 Δημόκριτός
1559 4250 1564 4261 ’

478 4400 567 4472 φασιν
587 4378 659 4446 εἶναι
686 4376 752 4455 τοὺς
771 4382 901 4470 κομήτας
917 4378 1062 4473 σύμφασιν
1076 4385 1134 4445 τῶν
1152 4378 1305 4450 πλανήτων
1326 4378 1469 4473 ἀστέρων,

477 4496 546 4559 ὅταν
561 4488 610 4559 tut
629 4492 794 4573 τὰπλῃσῖσν
813 4491 903 4560 tituta
921 4489 1023 4572 δόξωσι
1040 4476 1187 4584 θιγγάνειν
1203 4493 1350 4566 amictv.
1372 4521 1385 4551 ι
