3560 5544
753 702 910 767 ..13-

330 835 479 916 vasisse,
495 855 539 906 ne
554 835 689 907 animus
715 855 736 905 a
752 839 1019 923 cogitationibus
1042 841 1271 912 abduceretur
1285 844 1317 929 ¹3

329 950 399 1031 alii,
414 952 596 1040 imperium
604 953 640 1021 in
651 969 714 1021 sua
727 953 866 1022 civitate
879 955 1068 1025 obtinuisse
1082 955 1096 995 ¹
1102 974 1112 1040 ;
1129 957 1198 1039 alii,
1214 958 1321 1027 uixis-

328 1086 367 1138 se
382 1068 472 1137 inter
482 1069 638 1155 sepulcra
649 1066 682 1153 ⁸3
700 1069 848 1156 plurima
860 1070 997 1139 demum
1010 1072 1221 1156 referuntur,
1234 1074 1320 1142 mira

327 1184 463 1270 quidem
477 1188 511 1252 et
521 1184 670 1253 maxime
685 1184 909 1268 incredibilia,
927 1206 1004 1275 quac
1013 1189 1168 1276 proiecto
1184 1193 1318 1276 postea,

326 1318 431 1387 quum
443 1300 550 1369 variis
561 1301 693 1370 artibus
706 1286 900 1388 praestaretss
915 1302 1055 1372 inventa
1067 1309 1148 1373 sunt
1156 1304 1180 1372 ⁴.
1206 1308 1320 1374 Incer-

326 1419 399 1483 tum
416 1420 470 1485 est
488 1435 532 1485 an
542 1410 733 1503 disciplinis
742 1417 779 1485 in
791 1419 951 1487 omnibus
963 1420 1095 1488 versari
1107 1421 1240 1490 etnulla
1248 1440 1318 1489 non

326 1530 481 1599 doctrina
493 1531 675 1614 excellere,
688 1549 791 1620 quam
798 1539 920 1620 postea
929 1535 1057 1602 lamam
1072 1536 1230 1619 obtinuit,
1242 1537 1316 1622 jam

324 1646 423 1715 virus
433 1652 612 1733 putaretur
617 1665 628 1733 ;
642 1648 708 1717 etsi
720 1667 742 1716 a
753 1651 825 1717 suis
840 1650 975 1719 civibus
984 1647 1171 1742 sapientius
1182 1669 1318 1736 cogno-

322 1763 414 1832 mine
430 1769 550 1834 auctus
564 1764 672 1834 luisse
696 1765 875 1846 traditnr⁵,
901 1785 972 1835 non
993 1766 1099 1854 liquet
1122 1771 1238 1835 tamen
1261 1767 1318 1835 la-

322 1894 413 1945 mam
429 1879 519 1963 ejus,
537 1877 618 1945 dum
634 1877 779 1962 viveret,
792 1879 929 1947 Abdera
943 1879 1083 1964 exiisse,
1101 1899 1206 1967 quum
1220 1880 1316 1950 Plato

322 1993 450 2061 nullam
471 1995 547 2080 ejus
572 1994 782 2062 mentionem
811 1994 929 2077 iaciat,
958 2013 1042 2077 non,
1069 1996 1160 2083 quod
1185 1997 1317 2064 crimen

319 2107 450 2178 illatum
463 2106 553 2190 est⁸,
570 2109 801 2191 illiinimicus,
814 2110 875 2178 sed
891 2110 1005 2197 potius
1018 2111 1074 2178 vel
1097 2111 1190 2180 illius
1206 2112 1316 2179 nomi·

319 2224 374 2292 uis
390 2224 529 2292 inscius.
543 2225 630 2293 Cum
639 2226 844 2312 Hippocrate
858 2243 1038 2294 sermones
1052 2243 1132 2294 enm
1150 2226 1314 2294 habuisse

317 2340 455 2427 quidam
481 2341 697 2409 confirmant.
729 2342 806 2409 Non
838 2341 928 2409 ratio
954 2345 1148 2428 temporum
1176 2341 1291 2410 obstat
1297 2358 1308 2424 3

317 2457 576 2529 auctoresenim
586 2458 823 2547 Hippocratem
847 2463 966 2527 natum
988 2475 1067 2527 esse
1081 2458 1198 2526 ferunt
1211 2461 1312 2526 octo-

351 2749 360 2784 ‘
379 2752 419 2808 De
431 2756 513 2808 berre
524 2754 586 2808 nibli
598 2748 743 2824 dicitDiog.
758 2756 851 2825 -np
865 2754 960 2818 Genu,
974 2771 1001 2817 1,
1019 2759 1053 2817 ii,
1068 2755 1174 2824 legitur:
1191 2773 1200 2797 ι
1215 2754 1308 2808 Demo·

232 2822 239 2835 ⁹
314 2843 579 2913 rritumpbssosopbum
598 2845 624 2894 in
643 2846 805 2895 monumentis
823 2844 932 2895 historie
943 2858 1030 2911 gructa
1043 2846 1159 2910 seriptum
1173 2851 1212 2895 est
1229 2846 1309 2895 uirum

313 2941 398 2999 prater
420 2933 482 2985 elios
496 2930 662 2984 renuendum
683 2933 871 3000 auctoritateque
896 2934 997 3000 entique
1013 2933 1151 3000 praeditum.
1174 2931 1308 2984 luminibus

311 3022 433 3075 oculorum
446 3040 493 3075 sus
514 3030 601 3091 sponte
622 3038 651 3073 se
663 3023 781 3089 privasse,
797 3023 853 3089 quis
876 3023 1027 3072 existimaret
1052 3023 1213 3088 cogitetionee
1239 3037 1307 3073 com-

311 3114 518 3180 mulionesque
530 3112 604 3163 enimi
614 3112 653 3162 sul
661 3113 688 3162 in
701 3109 893 3177 contemplendis
905 3118 997 3160 neturre
1016 3108 1151 3161 rationibus
1168 3109 1306 3176 vegetiores

310 3206 335 3249 et
346 3202 479 3252 nuberes
491 3200 552 3262 lore,
563 3201 636 3252 siens
644 3199 745 3251 ridendi
758 3197 910 3250 illecebriset
922 3198 1046 3248 oculorum
1056 3198 1235 3264 impedimentis
1248 3196 1306 3248 libe-

309 3296 400 3340 reust-
417 3308 427 3331 v
445 3288 520 3353 Quod
546 3288 645 3357 quidem
670 3287 743 3338 elium
764 3286 796 3338 ob
822 3302 922 3337 cessem
945 3286 1038 3337 lectum
1055 3295 1137 3338 namt
1149 3284 1254 3347 Termi„
1278 3288 1304 3337 in

308 3374 420 3445 Apulae:
436 3391 451 3422 ι
465 3377 621 3429 Democritus
632 3375 710 3428 oculis
721 3390 749 3426 se
761 3376 875 3442 priserit,
891 3374 956 3442 quod
971 3374 1084 3426 mulieres
1104 3376 1158 3426 siue
1170 3373 1305 3441 cupiditate

307 3467 396 3516 intueri
405 3483 454 3517 non
466 3474 559 3534 posset
577 3484 586 3507 ι
600 3464 713 3516 -Rem
726 3479 787 3516 saue
811 3464 1000 3515 commentitiam
1025 3479 1081 3515 esse
1100 3462 1173 3531 plane
1193 3471 1302 3531 apperet,

306 3567 382 3620 quum
395 3554 488 3606 Noster
500 3557 527 3606 in
538 3553 652 3606 omnibus
661 3552 773 3620 physicis
786 3551 897 3604 calluerit
916 3551 1105 3620 quoeculcrum
1115 3551 1207 3603 lunius
1220 3559 1303 3618 egent,

305 3656 379 3709 quum
395 3643 494 3711 quidem
508 3641 575 3695 Tull·
594 3639 710 3703 femi„
726 3657 762 3703 lv,
778 3645 815 3702 ³0,
838 3639 948 3702 dubiem,
964 3640 1051 3694 lslssm
1064 3642 1163 3692 omnino
1176 3638 1302 3691 Plutercla.

303 3730 332 3782 se
347 3729 474 3793 serore..
483 3737 519 3793 tr,
533 3731 665 3785 omma.

339 3812 351 3844 ²
368 3818 486 3881 Erus„
500 3817 547 3871 loc,
562 3821 614 3882 cit.;
634 3819 699 3888 quod
714 3818 813 3889 quidm
833 3834 920 3887 perum
932 3825 1122 3871 comunem
1134 3815 1233 3869 videtur
1245 3814 1302 3868 huis

303 3903 575 3974 taeduerat-cito:
592 3925 600 3949 ·
616 3907 1002 3974 „remuneremn

335 3988 348 4026 ⁸
368 3994 491 4056 Lumen„
504 3997 531 4048 is
548 3988 743 4063 Protomae
768 3996 924 4058 Aufinum,
941 4012 983 4065 sp.
995 3995 1074 4048 Droe.
1086 3993 1197 4054 lum„
1212 4006 1250 4054 rx.
1265 3994 1302 4044 tt.

336 4076 349 4113 ⁴
367 4078 450 4145 Sum..
464 4084 513 4136 loc.
525 4086 579 4144 clt.;
593 4084 674 4138 brou.
690 4085 803 4148 Line..
823 4100 859 4148 rx,
874 4087 987 4155 pterim,
1001 4081 1145 4145 Cocum..
1159 4082 1188 4134 le
1199 4079 1235 4133 B.
1254 4079 1301 4144 3.,

300 4182 336 4223 ss.
351 4170 398 4223 sub
409 4172 474 4231 tm
488 4171 574 4234 rum..
589 4187 664 4234 mn,
679 4179 792 4236 mm,
807 4179 834 4233 t;
850 4188 934 4234 mu.
945 4178 972 4234 ⁸3
987 4169 1185 4233 summm,
1201 4166 1302 4229 seon..

299 4272 342 4322 u3
357 4260 418 4314 Jus.
429 4261 534 4324 lurum„
548 4261 631 4331 Epist.
647 4267 684 4318 ⁸7.

333 4342 344 4375 ⁸
362 4348 448 4403 Cin·
462 4354 556 4414 Am.
572 4349 941 4416 M.‚V1;AEussl·‚ffm·
960 4350 1028 4412 VN..
1041 4354 1122 4411 mn

331 4431 343 4468 ⁴
361 4438 441 4492 Drue-
455 4439 563 4508 Lens„
575 4456 611 4503 rx.
627 4446 662 4492 to.
