3560 5544
893 746 1104 864 ..ae-⁵

459 942 576 1025 putes
586 938 622 1005 in
633 916 767 1026 reliquo
778 957 924 1025 corpore
936 936 961 1004 ¹.
974 938 1102 1007 Noster
1117 934 1263 1003 forsitan
1272 926 1310 1001 in
1326 932 1480 1002 cerebro.

457 1054 624 1134 mntem,
638 1053 676 1121 iu
690 1053 795 1121 corde
813 1053 915 1133 iram,
944 1051 1140 1138 cupidinem
1157 1049 1195 1117 in
1212 1040 1332 1133 jecore
1355 1047 1470 1117 inesse

460 1168 695 1236 arbitrabatur
706 1167 731 1235 ².

503 1282 784 1367 Tamdiucorpus
803 1280 901 1362 vivit,
917 1279 1081 1395 quamdiu
1100 1279 1137 1346 in
1149 1296 1190 1345 eo
1204 1276 1311 1344 animi
1329 1295 1469 1344 moran-

458 1402 518 1464 tur
533 1397 653 1479 atomi3
670 1397 823 1481 egressis
839 1414 926 1464 uero
947 1396 1106 1463 moritur.
1123 1396 1270 1478 Propter
1289 1387 1405 1461 autem
1419 1397 1471 1460 te·

461 1516 632 1582 nuitntem
647 1533 766 1581 earum
783 1517 818 1581 et
831 1519 1040 1599 motumque
1060 1503 1224 1597 peruetus
1240 1513 1424 1579 moventur
1436 1513 1471 1576 et

459 1635 563 1699 extra
576 1648 703 1715 corpus
711 1630 898 1715 pelluntur,
910 1629 1156 1696 incontinuum
1165 1624 1354 1692 animantia
1361 1624 1470 1692 addu-

460 1753 590 1815 cuntur
617 1746 816 1826 discrimen,
845 1745 901 1812 cui
936 1745 1050 1813 obstat
1080 1748 1205 1811 natura
1224 1742 1467 1828 respiratione.

460 1862 502 1928 tn
528 1878 609 1927 aere
632 1859 737 1939 enim,
757 1859 942 1926 seminario
973 1858 1032 1925 illo
1060 1876 1179 1925 rerum
1212 1857 1468 1938 universarum,

459 1979 586 2043 natant
596 1976 700 2042 atomi
720 1975 863 2043 subtiles
877 1979 912 2042 et
938 1974 1109 2055 rotundae,
1134 1974 1182 2040 ita
1199 1976 1237 2040 ut
1252 1972 1387 2057 quoties
1409 1990 1471 2039 aer

462 2091 667 2176 inspiratur,
681 2091 718 2159 in
735 2110 800 2159 nos
814 2094 971 2177 penetret
987 2108 1155 2157 numerus
1171 2088 1311 2174 quidam
1332 2088 1470 2155 illarum

459 2227 655 2294 earumque
671 2208 832 2276 inlocum
857 2208 979 2276 subeat
996 2227 1074 2293 quae
1099 2212 1222 2292 sponte
1236 2204 1293 2271 vel
1316 2205 1474 2290 exspirae

461 2325 560 2392 tione
578 2325 734 2410 expulsae
752 2328 833 2392 sunt
844 2342 853 2407 ;
872 2329 911 2391 ut
941 2323 1035 2391 omni
1063 2327 1217 2407 ternpore
1237 2325 1413 2388 recreetur
1439 2325 1474 2388 ot

465 2441 640 2507 reficiatur
661 2458 743 2526 pars
761 2438 875 2525 aliqua
899 2440 1009 2506 nostri
1032 2437 1149 2507 animi.
1183 2439 1233 2504 ita
1250 2435 1374 2522 spiritu
1402 2436 1473 2502 vita

465 2558 682 2622 sustentatur
696 2552 726 2627 ³3
742 2572 783 2621 eo
800 2559 958 2621 cessante
981 2553 1072 2636 sugit
1086 2552 1235 2631 animus,
1250 2554 1285 2617 et
1300 2550 1473 2637 peritani-

466 2668 545 2736 mal.
565 2671 677 2745 Quum
689 2669 794 2735 animi
806 2687 887 2754 pars
904 2673 1036 2736 tantum
1055 2667 1177 2744 effluit,
1192 2668 1231 2733 fit
1242 2683 1412 2748 somnus3
1442 2667 1472 2734 si

465 2802 548 2869 pars
563 2785 688 2867 major,
706 2784 828 2851 mortis
840 2785 878 2850 fit
891 2784 1075 2861 simulatio,
1090 2784 1201 2849 donec
1215 2781 1339 2867 spiritu
1352 2799 1474 2849 resar-

463 2900 600 2967 ciantur
614 2900 720 2966 animi
737 2901 863 2967 damna
878 2900 904 2967 ⁴.

502 3019 623 3092 *Quare
635 3033 861 3100 quaecumque
872 3015 994 3082 vivunt
1009 3032 1171 3100 corpora,
1195 3013 1290 3081 nullo
1310 3018 1472 3100 excepto,

467 3131 720 3199 omnibusesse
738 3130 844 3215 hujus
866 3129 960 3196 modi
987 3128 1088 3196 debet
1115 3129 1251 3197 animus
1269 3152 1278 3210 ς
1300 3147 1369 3214 quo
1402 3144 1474 3196 non

466 3247 640 3314 cadavera
656 3245 793 3331 quidem
817 3245 958 3313 omnino
977 3248 1098 3312 carent
1115 3264 1220 3331 quum
1243 3263 1316 3312 non
1330 3245 1472 3317 omnino

466 3361 631 3445 frigeant,
652 3365 686 3428 et
697 3361 823 3427 caloris
838 3360 1047 3447 principium
1064 3361 1109 3427 sit
1120 3361 1258 3428 animus
1271 3359 1300 3426 ⁵.

509 3480 618 3543 Morte
632 3476 768 3544 animus
779 3476 967 3562 dissipatur
980 3495 1042 3562 per
1056 3493 1160 3558 aera3
1189 3494 1259 3542 non
1283 3475 1377 3542 enirn
1407 3477 1473 3542 im·

463 3590 622 3658 mortalis
632 3595 831 3676 essepotest
842 3617 851 3670 ;
863 3592 940 3676 ejus
955 3597 1068 3658 autem
1084 3595 1215 3659 aeterna
1229 3594 1309 3659 sunt
1323 3591 1473 3660 clemen·

461 3711 515 3775 ta·

500 3894 509 3927 ¹
531 3898 626 3959 Punn,
638 3898 665 3949 dc
678 3897 748 3951 Plus.
760 3900 836 3964 stit..
851 3905 917 3961 rust.

406 4044 409 4050 4
498 3980 509 4016 ²
527 3988 558 4038 In
567 3987 705 4054 fragmento
719 3989 827 4054 quodam
837 4004 850 4038 a
861 3971 965 4049 Zellaro,
981 4005 1023 4056 op.
1036 3991 1088 4047 eit,
1102 4005 1128 4055 p.
1144 3994 1194 4050 tit,
1215 3992 1298 4047 citato.
1318 3991 1474 4045 Democritus

460 4078 571 4128 nominat
585 4077 705 4127 cerebrum
724 4071 824 4138 φύλακα
850 4072 961 4134 διανοίης,
981 4093 1021 4128 cor
1040 4072 1133 4139 βασιλὶς
1156 4073 1230 4143 ὀργῆς
1254 4075 1355 4140 mmor,
1370 4062 1473 4149 ,ujw

462 4160 590 4226 μιθυμίης
603 4162 687 4211 αἴτιον.
1034 4162 1035 4165 ’

499 4247 512 4282 ²
530 4252 637 4311 Anisa..
654 4254 683 4303 ds
697 4249 823 4314 Anim.,1‚
839 4259 873 4312 ἲς
889 4255 917 4305 do
933 4252 1114 4320 &spiratiam
1130 4262 1152 4305 t.
1236 4289 1243 4297 -

500 4334 597 4390 ‘Ibin

503 4424 515 4458 ⁸
534 4430 694 4489 Pnurnnffl..
709 4430 737 4481 de
752 4429 819 4483 Pioc.
832 4432 957 4497 ptit.,1v‚
973 4439 994 4480 i.
