3560 5544
914 696 1070 762 -lt-

502 850 579 902 csse
593 832 823 921 suspicabitur
828 851 839 918 ;
855 834 1110 919 Theophrastus
1125 835 1229 916 enim,
1248 840 1403 905 veterum
1416 835 1491 905 dis-

502 950 704 1036 ciplinarum
717 949 865 1035 diligens
880 951 1077 1035 indagator,
1099 952 1297 1038 frequenter
1310 953 1353 1020 ad
1373 954 1494 1020 Demo·

498 1067 575 1135 criti
591 1066 782 1134 doctrinam
797 1084 841 1134 ex
857 1066 900 1134 iis
920 1085 998 1151 quae
1012 1070 1205 1154 temporum
1227 1069 1388 1163 injuriam
1402 1068 1491 1141 effu-

498 1192 636 1265 gerunt,
650 1181 844 1269 respexisse
877 1187 1018 1269 apparet
1035 1182 1059 1249 ¹.
1082 1217 1119 1232 -
1142 1184 1176 1251 Si
1194 1185 1280 1253 tides
1298 1183 1490 1253 adhibenda

497 1298 541 1365 sit
571 1297 686 1365 Suidae
710 1299 801 1378 testi,
830 1302 864 1365 et
890 1299 1022 1366 auctori
1048 1298 1182 1366 cuidam
1213 1318 1384 1386 anonymo
1407 1300 1488 1368 vitae

495 1412 707 1491 Callimachi,
732 1430 809 1498 quae
837 1412 980 1497 hujusce
1018 1414 1180 1499 operibus
1214 1415 1366 1501 praeponi
1387 1414 1486 1497 solet,

495 1527 723 1596 Callimachus
739 1528 921 1597 Democriti
936 1529 1064 1615 scripta
1087 1536 1308 1600 recensuerat
1332 1533 1362 1600 ἐν
1389 1535 1486 1602 πίνακι

493 1654 551 1713 τῶν
571 1647 753 1742 Δημοκρίτου
768 1648 907 1740 γλωσσῶν
925 1648 975 1714 καὶ
989 1652 1201 1740 συνταγμάτων
1216 1643 1242 1715 ².
1261 1647 1486 1733 Inhocopere

493 1758 755 1828 continebantur
768 1761 923 1847 profecto
937 1779 1028 1828 nova
1054 1760 1221 1830 vocabula
1250 1778 1270 1826 a
1294 1760 1485 1828 Democrito

492 1878 669 1960 usurpata,
684 1876 755 1962 qui,
773 1877 929 1963 quamvis
943 1875 1051 1943 Tullio
1066 1879 1166 1958 teste,
1182 1874 1485 1944 ‹minimeobscu

490 2007 552 2057 rus
563 1989 691 2059 luerit·
712 1987 738 2071 ³,

556 2099 712 2171 Indictis
726 2109 929 2172 monstrare
946 2100 1144 2172 recentibus
1160 2100 1280 2172 abdite
1294 2122 1419 2175 rerem

488 2237 561 2287 nou
595 2220 701 2288 semel
740 2221 940 2304 cogebatur,
968 2238 1113 2306 quorum
1149 2237 1221 2286 non
1262 2214 1356 2286 nulla
1390 2218 1481 2304 apud

488 2335 708 2405 Aristotelem
724 2337 880 2404 invenire
899 2339 950 2404 est
966 2334 992 2404 ⁴.
1011 2335 1263 2418 Hegesianacta
1281 2336 1480 2419 grammati·

487 2471 565 2519 cum
588 2470 721 2537 quoque
743 2451 924 2539 scripsisse
943 2453 1076 2550 περὶτῆς
1095 2454 1278 2549 Δημοκρίτου
1296 2453 1397 2533 λέξεως
1416 2467 1479 2518 nos

486 2566 587 2633 docet
614 2567 831 2647 Hermolaus,
848 2566 1010 2653 Stephani
1033 2566 1237 2652 epitomator
1254 2566 1283 2631 ὅ.
1306 2569 1417 2644 Quum
1431 2566 1478 2633 illi

484 2682 679 2767 praesertim
696 2682 732 2748 in
747 2681 1014 2767 interpretandis
1036 2682 1220 2750 Democriti
1252 2682 1394 2750 vocibus
1413 2699 1480 2748 va·

486 2797 650 2878 caverint,
673 2796 873 2864 Heraclides
894 2796 1057 2864 Ponticus
1073 2802 1193 2864 contra
1206 2816 1276 2881 non
1294 2797 1397 2867 nullis
1412 2799 1475 2865 De-

484 2912 622 2981 mocriti
636 2912 802 2981 institutis
818 2912 1029 2980 illustrandis
1039 2913 1180 2980 navavit
1194 2931 1333 3000 operam
1341 2932 1351 2998 ;
1377 2916 1477 2999 cujus

484 3030 574 3097 enim
589 3032 756 3096 memorat
769 3029 837 3096 duo
846 3028 1011 3114 opuscula
1027 3029 1194 3111 Laertius,
1212 3046 1318 3096 unum
1330 3030 1476 3116 inscrip-

484 3150 555 3212 tum
572 3150 643 3244 πρὸς
662 3149 842 3244 Δημόκριτον
856 3147 920 3242 περὶ
941 3155 999 3214 τῶν
1018 3146 1047 3212 ἐν
1074 3145 1198 3242 οὐρανῷ,
1232 3144 1377 3213 alterum
1405 3150 1475 3244 πρὸς

481 3268 528 3332 τὸν
561 3266 741 3359 Δημόκριτον
773 3263 917 3356 ἐξηγήσεις
946 3253 977 3329 α’
990 3258 1016 3326 ⁰.
1060 3259 1111 3327 Ex
1152 3261 1320 3328 citerioris
1360 3262 1471 3330 atatis
1499 3348 1507 3363 ·

481 3378 720 3464 scriptoribus,
738 3394 828 3444 unus
844 3376 1009 3462 praeclare
1026 3375 1068 3442 de
1082 3376 1207 3443 Nostro
1217 3376 1352 3457 meruit,
1366 3377 1472 3442 Thra·

481 3491 589 3578 syllus
606 3492 749 3573 scilicet,
759 3492 814 3558 vir
828 3491 864 3558 in
879 3491 1128 3559 mathematicis
1141 3509 1210 3559 nec
1223 3510 1294 3560 non
1310 3491 1347 3559 in
1360 3490 1471 3578 philo-

479 3609 601 3697 sophia
625 3610 791 3689 eruditus
823 3607 881 3696 qui
914 3610 942 3678 ἐν
969 3616 1028 3687 τοῖς
1046 3612 1102 3706 πρὸ
1130 3623 1180 3688 τῆς
1199 3613 1390 3703 ἀναγνώσεως
1413 3618 1471 3677 τῶν

517 3974 526 4017 ¹
542 3980 583 4042 cl.
597 3988 731 4058 pracerum
741 3984 769 4042 te
782 3988 865 4045 hm,

511 4070 622 4141 ²·Surn.,
637 4095 658 4130 st
670 4095 695 4130 v.
710 4075 819 4144 Καλλιμ

512 4161 776 4229 ‘Cic.,chwisct.,
791 4183 818 4227 11,
832 4174 867 4220 tt.

486 4286 489 4294 ,
510 4246 912 4320 *Dacat.,1v,c;tlc.,r,t.

510 4330 522 4370 ⁸
536 4341 565 4392 In
578 4342 677 4410 Τρωίας.

510 4423 523 4461 ⁸
536 4429 614 4484 Diod.
630 4430 740 4511 laum..
755 4446 780 4496 V,
791 4437 827 4495 ⁸7,
842 4436 881 4485 “a
