3560 5544
872 580 1031 642 ..50-

451 713 542 799 quod
553 713 746 782 doctrinam
759 716 1009 790 suamefflnxit.
1027 717 1169 784 Fontem
1178 734 1262 784 vero
1273 715 1360 785 lucis
1373 718 1450 802 ejus

452 830 606 916 reperire
615 849 686 898 non
701 832 824 917 potnit,
832 851 935 919 quam
941 834 976 899 in
990 835 1152 900 externas
1165 824 1231 898 res'
1236 834 1454 918 projiciebat.

454 945 552 1024 Quod
568 944 706 1031 quidem
727 963 798 1013 non
811 945 902 1013 illius
920 945 1093 1031 peculiare
1118 945 1255 1027 vitium,
1284 947 1344 1014 sed
1359 965 1453 1016 com-

454 1080 577 1131 munes
600 1063 712 1130 ruinae
728 1062 881 1130 omnium
911 1062 1135 1147 physicorum
1154 1061 1211 1149 qui
1240 1081 1302 1148 per
1325 1068 1455 1131 motum

454 1176 582 1264 aliquid
615 1177 703 1245 ultra
733 1177 882 1262 spatium
909 1183 944 1245 et
960 1166 1104 1243 'motum
1139 1177 1311 1263 explicare
1336 1180 1454 1247 velue·

455 1298 548 1362 runt.

499 1492 560 1558 Vl.
585 1490 707 1558 Nullus
721 1508 799 1559 esse
815 1494 948 1575 poterat
964 1490 999 1558 in
1017 1491 1200 1559 Democriti
1212 1492 1347 1559 ratione
1358 1493 1455 1561 locus

458 1608 522 1675 deo
535 1606 636 1674 alicui
648 1605 767 1673 mundi
782 1605 915 1673 auctori
930 1607 1219 1674 etcunservatori.
1234 1608 1458 1676 Phenomena

459 1742 521 1808 per
533 1723 728 1809 proximam
743 1740 884 1789 causam
898 1722 1122 1808 explicamus,
1138 1721 1269 1790 scilicet
1283 1742 1345 1809 per
1360 1724 1453 1810 prio-

458 1857 515 1906 res
540 1844 671 1921 motus;
705 1839 866 1924 princeps
893 1842 1007 1905 autem
1031 1857 1136 1905 causa
1161 1856 1226 1905 nos
1254 1839 1357 1924 fugit,
1400 1845 1459 1908 aut

460 1954 574 2040 potius
588 1953 682 2020 nulla
695 1958 766 2029 est;
786 1942 926 2019 cursum
940 1952 1056 2038 pergit
1070 1954 1219 2020 mundus
1248 1954 1411 2050 universa
1427 1960 1461 2023 et

459 2069 669 2139 ineluctabili
693 2070 899 2138 necessitate
932 2087 1010 2154 quae
1027 2069 1065 2135 ut
1093 2087 1136 2136 ex
1154 2070 1225 2137 ictu
1239 2074 1273 2137 et
1293 2070 1458 2156 impulsu.

459 2167 595 2271 Vulgus
610 2190 725 2253 tamen
740 2186 824 2253 deos
842 2203 919 2252 esse
937 2185 1058 2264 credit,
1076 2188 1177 2270 cujus
1199 2185 1385 2270 opinionis,
1403 2189 1460 2254 in-

461 2280 586 2370 columi
598 2319 661 2369 sua
678 2300 1029 2381 murmurationem
1051 2278 1217 2368 reddebat
1232 2302 1458 2370 Democritus.
1497 2278 1502 2292 ’

506 2418 645 2485 Pristini
661 2418 833 2495 homines
849 2416 974 2496 aiebat,
991 2435 1096 2503 quum
1120 2415 1273 2484 coelestia
1297 2418 1464 2485 miracula

463 2536 655 2616 tuerentur,
679 2535 717 2598 ut
747 2531 890 2610 tonitru,
905 2530 1035 2614 fulgur,
1058 2535 1232 2597 astrorum
1251 2531 1463 2616 conjunctio·

463 2666 538 2727 nes,
558 2648 642 2716 solis
657 2653 691 2716 et
701 2648 794 2716 lunae
810 2647 977 2729 defectus,
993 2650 1134 2734 propter
1162 2651 1290 2715 metum
1310 2651 1348 2715 et
1361 2649 1461 2732 igno·

384 2764 386 2768 ’
462 2766 624 2846 rentiam,
653 2765 736 2833 deos
763 2782 842 2832 esse
867 2764 925 2850 qui
955 2782 995 2832 ea
1025 2764 1220 2847 efficerent,
1241 2765 1463 2849 excogitave-

462 2879 713 2950 ruut¹.llrrant
728 2897 824 2958 vere,
844 2878 924 2964 quia
938 2878 1023 2947 nihil
1038 2897 1109 2946 non
1132 2877 1224 2962 regit
1243 2862 1432 2945 necessitas
1453 2899 1461 2958 ;

462 3019 562 3070 error
576 2997 759 3067 tamenille
787 2990 893 3065 iebus
919 3016 1001 3064 vere
1024 2997 1109 3063 visis
1126 2996 1306 3064 fundatur.
1330 2997 1463 3081 Imagi-

462 3133 538 3195 nes,
567 3104 691 3200 quibus
719 3112 847 3196 vulgus
864 3113 948 3179 deos
976 3112 1122 3198 exprimi
1148 3116 1258 3199 putat,
1280 3131 1323 3179 ex
1355 3112 1464 3179 nihilo

462 3230 536 3298 fieri
559 3247 630 3297 non
661 3233 828 3315 possunt3
849 3229 963 3315 itaque
987 3230 1135 3296 mundus
1157 3232 1216 3296 aut
1231 3230 1461 3296 circumactus

463 3359 524 3412 aer
539 3342 663 3426 globos
692 3345 887 3410 atomorum
909 3342 946 3409 in
972 3361 1009 3410 se
1035 3342 1211 3409 continere
1240 3341 1352 3421 debet,
1371 3343 1463 3409 unde

463 3457 635 3545 profluant
669 3457 728 3526 illa
759 3458 954 3526 simulacra.
995 3457 1141 3543 Legitur
1179 3458 1270 3544 apud
1299 3458 1461 3526 Sextum:

466 3560 671 3666 «Δαμόκριτος
682 3566 712 3636 δὲ
720 3565 825 3637 εἴδωλα
835 3575 899 3635 τινά
911 3568 1170 3666 φησινέρπελσίζειν
1181 3573 1240 3646 τοῖς
1252 3569 1462 3663 ἀνθρώποις...

464 3688 536 3758 cleon
550 3686 581 3757 δὲ
598 3693 691 3757 ταῦτα
705 3688 822 3780 ρεγαθα
839 3712 870 3756 τε
884 3686 934 3753 καὶ
945 3685 1139 3781 ὑπερμεγέθη,
1154 3685 1205 3753 καὶ
1215 3683 1385 3782 δύσφθαρτα
1400 3686 1464 3775 μέν,

463 3804 515 3874 οὐκ
550 3807 687 3902 ἄφθαρτα
705 3802 815 3890 leſs...
845 3805 1029 3900 θεωρούμενα
1050 3805 1210 3900 ααὶφωναὶς
1247 3805 1370 3899 α’φιέντα
1402 3803 1466 3870 ὅθεν

463 3925 573 3992 τούτων
601 3919 697 3991 αὐτῶν
729 3923 891 4017 φαντασίαν
924 3921 1061 3999 λαθόντες
1095 3922 1121 3988 οἱ
1160 3920 1280 3988 παλαιοὶ
1305 3918 1465 3992 ὑπενόησαν

501 4283 509 4317 ¹
529 4284 611 4338 Sur·
626 4284 707 4344 Eur..
723 4285 778 4336 ado.
796 4284 878 4350 Pipa..
893 4300 929 4346 rx.
945 4289 993 4337 tu.
