3560 5544
699 636 859 705 ...ω-

287 779 392 849 animi
406 779 639 849 mutuatam
660 778 767 847 luisse
779 777 804 846 ¹.
821 777 858 845 Si
870 795 955 847 vero
965 775 1129 862 cogitatio
1140 786 1286 861 maeque

287 895 392 964 animi
407 896 551 964 mulatio
566 901 632 975 est,
648 896 828 981 omnisque
840 894 988 962 mutatio
1003 893 1107 960 animi
1131 897 1184 960 est
1194 891 1288 958 ordi·

288 1006 343 1073 nis
362 1006 496 1074 etsitus
519 1011 713 1074 atomorum
738 1008 903 1088 mutatio;
930 1006 960 1074 si
997 1022 1039 1074 ea
1071 1005 1288 1072 mutatioon

288 1126 387 1191 terno
407 1127 503 1190 motu
515 1123 684 1206 gignitur,
701 1123 731 1190 si
747 1122 894 1207 denique
908 1122 1012 1189 atomi
1030 1122 1166 1207 penitus
1181 1120 1290 1188 latent

290 1239 353 1307 sub
370 1238 557 1325 conspicua
567 1243 601 1306 et
617 1239 737 1306 sensili
754 1240 869 1324 specie
884 1256 985 1324 quam
1003 1238 1046 1305 iis
1073 1239 1190 1305 inesse
1221 1254 1288 1304 na-

291 1357 367 1421 tura
381 1371 449 1420 non
462 1358 585 1439 putare
597 1372 667 1420 non
681 1372 876 1439 possumus,
895 1354 1065 1440 quomodo
1073 1354 1116 1420 ab
1127 1352 1289 1439 opinione
1400 1408 1407 1423 .

290 1470 493 1538 transibitur
510 1470 552 1536 ad
571 1468 776 1537 scientiam?
809 1471 999 1550 Quomodo,
1032 1470 1060 1536 si
1088 1469 1175 1537 nihil
1192 1469 1292 1539 nobis

289 1592 343 1654 est
365 1586 430 1654 nisi
445 1587 619 1672 perceptio
634 1585 782 1666 sensilis,
803 1603 950 1652 vacuum
971 1586 1120 1653 existere
1135 1592 1291 1656 atomos·

290 1718 356 1789 que
368 1701 508 1769 novisse
519 1701 723 1787 possumus?
739 1704 787 1769 De
805 1702 859 1769 his
874 1702 1001 1786 conJici
1016 1704 1150 1768 tantum
1168 1706 1290 1788 potest.

291 1820 461 1896 Quantum
487 1822 659 1885 mutentur
671 1825 705 1884 et
717 1819 805 1885 inter
821 1836 858 1885 se
873 1822 1031 1905 pugnent
1045 1837 1170 1885 sensus
1184 1838 1291 1905 quum

290 1936 756 2003 animadvertitDemocrilus
778 1955 848 2004 non
864 1940 977 2023 potest
994 1936 1098 2004 tidem
1127 1937 1292 2006 adhibere

290 2047 440 2130 singulis
457 2067 575 2115 eorum
591 2049 815 2132 testimoniis;
841 2051 1041 2118 universum
1062 2061 1176 2121 tamen
1207 2053 1293 2121 illud

291 2164 537 2242 testimonium,
555 2185 660 2257 quum
674 2166 801 2251 aliquid
820 2172 918 2243 extra
941 2186 1006 2235 nos
1026 2175 1164 2236 exstare
1181 2168 1293 2236 decla·

291 2286 379 2361 rent,
398 2300 469 2349 non
482 2285 618 2367 poterat
633 2284 825 2368 aspernari.
855 2283 992 2370 Aliquid
1009 2284 1091 2351 illud
1107 2305 1178 2352 non
1199 2285 1292 2353 colo·

290 2397 590 2479 ratum‚calidum,
608 2398 785 2481 frigidum,
808 2399 953 2481 siccum,
981 2400 1172 2482 humidum,
1191 2401 1291 2468 dulce

290 2514 344 2581 vel
362 2533 518 2582 amarum
536 2514 636 2582 nobis
650 2515 799 2596 videtur,
815 2516 876 2582 sed
892 2516 936 2583 iis
951 2517 1147 2602 praeditum,
1165 2518 1291 2604 quibus

291 2632 364 2697 sine
379 2630 527 2714 cogitari
546 2649 616 2698 non
631 2633 763 2714 posset,
779 2630 909 2698 scilicet
921 2633 1123 2700 extensione
1137 2639 1171 2700 el
1181 2639 1289 2701 motu.

288 2747 471 2814 Rationem
495 2746 603 2829 igitur
626 2746 723 2831 sequi
754 2747 900 2814 debehat
936 2750 1151 2816 Democritus
1185 2768 1291 2836 quum

289 2865 510 2931 confirmaret
526 2869 660 2932 atomos
677 2882 755 2931 esse
770 2867 804 2931 el
818 2852 982 2932 vacuum.
1012 2867 1186 2942 Quaeritur
1208 2885 1292 2934 vero

289 2997 366 3065 quae
384 2998 462 3046 esse
476 2980 672 3067 potueritin
683 2981 748 3046 hac
767 2980 924 3046 doctrina
938 2980 1044 3063 ratio;
1061 2980 1228 3064 cogitatio
1239 2984 1294 3049 est
1328 2964 1331 2971 ’

290 3095 399 3162 series
424 3112 592 3163 sensuum
629 3094 684 3162 vel
716 3096 942 3163 mutationum
971 3095 1089 3163 animi.
1115 3096 1295 3172 Quomodo

289 3210 399 3293 igilur
413 3230 538 3278 sensus
553 3230 690 3278 errores
708 3230 790 3279 suos
806 3212 881 3297 ipse
894 3216 1008 3297 potest
1038 3229 1248 3295 agnoscere,
1263 3218 1298 3280 et

284 3306 430 3394 ‘fallaces
452 3345 534 3394 snas
567 3327 699 3412 species
729 3329 888 3412 rejicere,
916 3333 955 3395 ut
979 3346 1101 3395 verum
1117 3328 1209 3405 inse
1232 3329 1297 3397 sub
1408 3346 1415 3353 ·

290 3441 378 3509 falso
393 3441 506 3508 latens
521 3441 678 3527 aperiatl
698 3444 764 3509 Per
784 3442 953 3509 rationem
975 3447 1081 3509 totam
1112 3461 1213 3512 suam
1232 3463 1297 3511 ex-

291 3559 417 3627 struxit
431 3558 622 3626 doctrinam
637 3558 864 3636 Democritus,
881 3577 989 3645 eaque
1004 3563 1122 3625 lamen
1140 3559 1208 3635 hoc
1222 3559 1300 3626 eiii·

291 3674 338 3742 cit
359 3678 396 3741 ut
430 3673 572 3740 omnino
602 3692 678 3741 esse
708 3674 879 3742 rationem
905 3676 1024 3759 neget.
1049 3676 1147 3741 Ultra
1175 3690 1298 3741 verum

290 3790 554 3872 tamenlaliituc,
573 3794 611 3858 ut
624 3810 730 3877 supra
743 3792 907 3867 vidimus,
923 3793 953 3859 si
973 3791 1050 3877 quis
1064 3790 1146 3858 inde
1161 3789 1302 3859 conclu·

291 3905 339 3971 dit
352 3923 433 3972 eum
446 3906 532 3972 nihil
547 3924 624 3973 esse
639 3906 725 3975 certi
743 3909 935 3995 putavisse.
967 3907 1128 3975 scientiae
1150 3905 1302 3974 faculta-

292 4028 358 4091 tem
376 3994 506 4092 homini
524 4042 601 4091 osse
617 4025 793 4107 credebat,
820 4025 912 4110 quod
935 4024 1021 4093 satis
1036 4022 1190 4091 declarat
1217 4018 1301 4087 illud
