3560 5544
504 830 603 910 titii·
611 814 865 912 trasmundo
873 836 1201 932 peraerai‘Nimium
1211 837 1303 930 apud
1312 826 1504 911 atomorum

504 944 672 1026 ra'tio'ne'm
699 948 791 1027 v'ale't
823 964 939 1029 moins
955 958 1185 1039 transmissio,
1215 963 1255 1027 ut
1270 974 1347 1026 eam
1364 952 1503 1027 senten·

504 1062 586 1140 tiam
597 1076 670 1142 hon'
677 1074 899 1144 verisimilem
910 1095 987 1145 esse
998 1064 1503 1161 ducamus.1taqueimaginnm

505 1180 721 1259 incdrs'lones‘
750 1210 834 1259 vero
861 1198 977 1261 essent
993 1196 1109 1260 motus
1123 1188 1377 1259 communicati.
1396 1184 1502 1257 Theo·

504 1284 667 1391 phlastus
681 1300 858 1387 caeterum,
885 1304 993 1376 verba
1007 1300 1084 1393 quae
1102 1322 1207 1394 supra
1219 1306 1426 1393 protulimus
1439 1310 1503 1373 ei-

503 1417 648 1504 plicans,
669 1418 770 1507 plane
786 1422 868 1489 dicit
881 1423 1071 1506 imaginem
1085 1440 1157 1489 nou
1172 1422 1207 1488 in
1228 1421 1361 1508 pupilla·
1372 1414 1503 1488 directo

506 1526 611 1617 effici,
625 1537 686 1604 sed
701 1530 782 1605 aera
805 1532 895 1605 iuter
921 1539 1058 1606 oculum
1080 1544 1114 1605 et
1136 1537 1220 1605 illud
1242 1538 1337 1624 quod
1352 1538 1505 1606 cernitur

505 1640 669 1733 medium,
685 1659 898 1722 contractum
913 1655 1024 1723 abillo
1041 1655 1132 1741 quod
1142 1656 1296 1722 cernitur
1307 1656 1410 1740 etqui
1426 1672 1506 1722 cer-

504 1767 555 1833 nit
572 1764 731 1855 formari
749 1793 760 1834 :
786 1767 865 1838 «τὴν
893 1768 951 1858 γάρ
980 1768 1105 1859 ἔμφασιν
1130 1763 1181 1831 οὐκ
1211 1763 1292 1840 εὐθὺς
1320 1764 1348 1829 ἐν
1374 1776 1408 1854 τῇ
1434 1772 1505 1859 καρῇ

506 1876 646 1964 γίνέσθαι,
682 1879 759 1945 οὒ,λᾶ
787 1881 835 1945 τὸν
867 1880 941 1975 ἀέρα
975 1883 1024 1947 τὸν
1056 1880 1164 1969 μέταξυ
1189 1890 1240 1956 τῆς
1260 1881 1357 1969 ὅψεως
1383 1881 1433 1945 καὶ
1454 1882 1505 1946 τοῦ

504 1993 652 2087 ὁρωμένῳ
685 1996 854 2064 τυποῦσθαι.
871 2025 885 2052 r
917 2002 1003 2079 Quid
1028 2004 1081 2068 est
1096 2005 1213 2069 aulem
1240 1995 1281 2069 ea
1309 2003 1401 2069 aeris
1425 1996 1504 2068 effl-

508 2114 597 2196 gies,
612 2112 680 2181 nisi
689 2120 803 2184 motus
824 2116 898 2203 ipse
911 2116 1061 2202 percepti
1079 2116 1236 2202 corporis
1259 2110 1320 2202 per
1343 2110 1505 2184 continua

506 2223 649 2316 serpens
663 2250 771 2317 usque
786 2232 820 2300 in
843 2232 1009 2300 oculuml
1026 2232 1123 2309 Quod
1138 2232 1275 2316 quidem
1296 2252 1374 2300 cum
1398 2235 1505 2300 caete-

507 2347 556 2414 ris
567 2349 752 2415 Democriti
770 2342 903 2435 placitis
919 2349 1093 2435 congruit,
1107 2349 1236 2415 nedum
1252 2354 1435 2434 repugnet.

551 2462 599 2529 Ea
611 2452 664 2531 est
677 2464 785 2546 igitur
799 2464 983 2550 perceptio.
995 2464 1093 2531 Nunc
1109 2465 1332 2549 quaerendum
1348 2470 1401 2533 est
1417 2458 1508 2550 quo-

510 2577 625 2658 modo,
642 2579 670 2645 si
687 2579 799 2645 omnis
813 2569 987 2665 perceptio
1001 2579 1184 2664 quamdam
1200 2579 1320 2646 induta
1338 2581 1382 2646 sit
1394 2581 1507 2648 mobi-

509 2692 576 2759 lem
595 2693 756 2778 speciem,
776 2699 811 2761 et
827 2692 981 2780 opinioni
1001 2694 1203 2779 subjectam,
1225 2710 1301 2762 eam
1326 2692 1506 2764 detrahere

510 2809 658 2895 potuerit
673 2811 902 2891 Democritus,
919 2816 957 2877 ut
982 2811 1018 2877 id
1035 2814 1243 2894 agnosceret
1267 2811 1359 2895 quod
1371 2812 1509 2895 attingit

510 2910 664 3005 scientia,
685 2929 755 3005 aut,
782 2914 898 2991 verbis
927 2925 1014 3003 aliis,
1037 2918 1208 3010 quomodo
1247 2920 1290 2992 ert
1316 2944 1422 2994 sensu
1450 2922 1509 2994 fiat

510 3040 687 3123 cogitatio.
704 3038 838 3108 Nullum
857 3039 901 3105 ad
915 3040 1144 3125 nospervenit
1159 3041 1401 3109 documentum
1418 3043 1508 3111 unde

509 3157 593 3224 illud
606 3157 940 3242 nobisexplanetur3
960 3161 1094 3224 constat
1107 3152 1345 3226 tantummodo
1357 3157 1509 3243 diligen-

511 3276 563 3338 ter
575 3270 806 3339 Democritum
821 3266 1022 3339 distinxisse
1034 3270 1217 3338 obscurum
1235 3289 1299 3338 nec
1316 3250 1507 3355 legitimum

508 3387 640 3456 'sciendi
655 3405 767 3470 genus
790 3406 810 3454 a
824 3357 916 3455 claro
936 3389 970 3453 et
980 3385 1170 3469 genuino¹3
1188 3390 1291 3472 utque
1305 3388 1503 3456 contrarios

490 3494 544 3569 'e't
557 3500 647 3568 inter
665 3519 703 3568 se
713 3501 888 3588 oppositos
899 3518 1022 3569 sensus
1034 3497 1172 3566 fallaces
1187 3499 1345 3575 ducebat,
1364 3499 1412 3566 ita
1425 3514 1507 3566 vera

510 3620 674 3688 habuisse
719 3622 853 3688 atomos
882 3638 1067 3705 earumque
1102 3618 1232 3685 formas
1264 3619 1445 3702 motusque
1476 3612 1510 3684 et

510 3722 679 3820 preterea
718 3752 865 3801 vacuum
881 3732 905 3803 ².
945 3734 998 3801 Ad
1035 3729 1112 3802 haec
1157 3732 1414 3817 Theophrastus
1445 3734 1539 3800 no's-

510 3842 628 3919 monet
639 3852 682 3918 ab
699 3868 739 3919 eo
753 3852 885 3936 justam
909 3848 1155 3933 cogitationem
1172 3847 1270 3934 quasi
1294 3847 1509 3916 librationem

545 4296 554 4328 ¹
573 4290 654 4353 Scir.
669 4298 752 4360 Eun,
762 4300 816 4352 ado.
832 4297 906 4368 loy..
919 4314 965 4361 vu,
980 4296 1028 4352 tu.

543 4384 554 4417 ’
572 4390 652 4442 Droo.
666 4388 773 4451 henr..
786 4404 822 4452 rx,
838 4394 874 4440 tt.
