3560 5544
872 696 1031 770 ..ae-

440 838 601 931 n‘am'que,
620 836 748 929 siquid
763 844 927 922 mutatur,
941 843 977 911 id
1000 843 1196 914 deridebat
1225 846 1308 932 quia·
1319 852 1440 935 partes

441 957 600 1044 quoedam
614 958 754 1041 abeunt,
785 962 845 1026 aut
871 959 952 1044 quia
979 960 1056 1028 aliae
1080 960 1299 1030 adducuntur
1311 979 1323 1044 3
1348 965 1441 1050 quod

441 1076 558 1141 autem
569 1076 709 1143 omnino
724 1076 864 1160 plenum
877 1078 944 1157 est,
959 1075 1045 1143 nihil
1061 1075 1097 1143 in
1115 1094 1153 1144 se
1165 1077 1327 1159 admittit,
1358 1079 1445 1148 nihil

442 1209 486 1259 ex
500 1208 539 1260 so
550 1191 688 1259 emittit.
710 1195 913 1259 Atomorum
923 1192 1030 1275 igitur
1041 1210 1112 1260 non
1127 1197 1208 1262 sunt
1223 1212 1265 1261 ea
1278 1214 1358 1281 quae
1371 1190 1450 1264 vul·'

442 1318 511 1392 gros
530 1308 685 1377 materiae
714 1308 855 1394 propria
881 1326 959 1376 esse
984 1312 1094 1393 putat,
1121 1328 1246 1397 nempe
1275 1313 1451 1391 colorem‚'

442 1426 616 1508 calorem,
647 1424 775 1511 frigus,
803 1425 1005 1504 siccitatem,
1038 1426 1235 1506 humorem
1274 1447 1316 1496 ea
1356 1429 1448 1498 enim

443 1562 579 1629 semper
591 1547 774 1611 moventur
796 1546 831 1610 et
846 1545 1023 1610 mutantur
1037 1543 1073 1610 in
1087 1545 1262 1612 contraria
1280 1544 1304 1613 ¹.
1323 1546 1446 1614 Omnia

442 1659 551 1743 igitur
567 1676 684 1726 rerum
706 1659 877 1726 elementa
891 1656 1024 1726 aeterna
1037 1664 1120 1728 sunt
1144 1663 1178 1726 et
1200 1659 1363 1739 indivisa,
1380 1661 1447 1727 im-

442 1777 586 1855 mutata,
602 1778 636 1842 et
654 1774 791 1842 sibimet
807 1774 893 1861 ipsis
919 1793 1057 1862 semper
1086 1775 1231 1859 similia;
1261 1794 1334 1844 non
1359 1776 1448 1845 adeo

445 1892 562 1956 tamon
589 1893 627 1956 ut
658 1888 734 1958 fieri
765 1908 837 1958 non
854 1890 966 1976 possit
996 1890 1147 1959 varietas
1165 1909 1284 1958 rerum
1308 1908 1387 1976 quae
1404 1890 1454 1963 eii,

446 2005 570 2073 atomis
584 2006 795 2090 gignuntur.

489 2123 524 2190 Si
536 2123 644 2206 igitur
658 2122 873 2192 Democritus
887 2123 1016 2192 similes
1043 2125 1135 2192 inter
1163 2143 1201 2192 so
1222 2130 1356 2192 atomos
1372 2128 1451 2192 e'ssd

446 2240 638 2324 profitetur,
653 2258 723 2307 non
736 2240 913 2308 contendit
930 2258 1034 2326 pares
1044 2245 1078 2308 et
1096 2259 1215 2327 aequas
1231 2259 1323 2322 esse,
1339 2246 1451 2326 neque

446 2372 506 2422 eas
529 2359 637 2440 negat
665 2355 778 2422 forma
805 2359 840 2422 et
862 2355 1102 2440 magnitudine
1130 2357 1270 2424 differre
1282 2355 1309 2438 ἓ.
1325 2357 1450 2423 Forma

398 2471 400 2477 '
447 2488 530 2538 vero
545 2472 694 2539 maxime
708 2471 880 2539 differunt.
902 2475 987 2549 Quae
1015 2476 1129 2540 autem
1147 2475 1228 2539 sunt
1257 2476 1451 2539 atomorum

448 2586 588 2653 sormael
600 2587 834 2654 Infinitaeesse
846 2587 972 2655 debent
982 2605 1149 2671 numero;
1165 2588 1266 2655 aliter
1278 2587 1370 2655 enim
1380 2606 1453 2656 non

447 2705 650 2772 varietatem
671 2723 788 2772 rorum
815 2704 985 2772 infinitam
1014 2707 1306 2791 amplecterentur
1323 2702 1348 2772 ³.
1376 2706 1452 2772 Non

448 2840 532 2889 vero
547 2819 742 2907 praecipuas
752 2823 946 2887 atomorum
960 2820 1092 2888 formas
1123 2819 1306 2904 descripsit
1324 2820 1452 2886 Demo-

448 2936 573 3020 oritus3
586 2936 750 3020 globosus
761 2939 894 3003 tantum
909 2954 987 3004 asse
1003 2936 1133 3004 scimus
1146 2954 1205 3003 eas
1216 2937 1341 3022 quihus
1356 2932 1453 3017 ignis'

448 3058 483 3122 et
506 3053 621 3121 anima
645 3052 839 3122 constant&
860 3055 937 3121 Non
958 3057 1093 3121 tantum
1119 3054 1245 3136 forma,
1270 3053 1450 3121 sedetiam

448 3154 686 3254 magnitudine
704 3169 888 3238 dissimiles
903 3173 982 3236 sunt
990 3185 1000 3252 3
1019 3186 1124 3254 quum
1139 3169 1231 3237 enim
1243 3188 1314 3236 non
1324 3172 1451 3255 puncta

447 3291 540 3367 sunt,
558 3305 636 3373 quae
653 3286 765 3354 solum
782 3285 930 3370 cogitari
947 3287 1092 3372 possint,
1107 3285 1289 3354 sedsolida
1303 3302 1451 3371 corpora

444 3407 478 3471 et
492 3406 649 3484 extensa,
666 3406 760 3470 certa
779 3402 926 3490 quadam
943 3403 1183 3485 magnitudine
1201 3421 1279 3469 esse
1302 3403 1442 3470 debent.

444 3520 562 3603 Itaque
580 3517 784 3600 intelligitur
798 3517 970 3602 quomodo
995 3517 1113 3597 atomi,
1138 3516 1294 3601 ejusdem
1309 3515 1448 3595 formae,
1501 3510 1504 3515 ⁴

444 3626 522 3702 aliae
536 3634 612 3703 aliis
637 3634 837 3716 dissimiles,
874 3632 1026 3720 majores
1056 3633 1188 3702 scilicet
1210 3633 1266 3700 vel
1283 3633 1449 3713 minores,

444 3748 522 3821 esso
539 3754 686 3838 possunt
700 3756 711 3835 ,⁸
726 3750 888 3819 maximae
901 3756 1016 3819 tamon
1033 3755 1190 3819 nontam
1213 3733 1355 3835 magnae
1370 3751 1452 3818 sunt

479 4072 622 4148 turim,
636 4085 753 4139 dalilam.
767 4102 814 4138 sec.
831 4084 948 4154 Hippon,
965 4104 983 4147 1,
995 4093 1024 4137 θ.
1119 4120 1124 4130 ·
1231 4134 1235 4139 ,
1375 4121 1387 4133 ..

478 4172 490 4204 ’
510 4176 614 4238 Aaron,
627 4174 719 4241 Phys„
732 4190 770 4234 ιιι,
785 4172 927 4233 fideliss.
946 4184 968 4226 et
984 4174 1065 4236 Oorr„
1081 4192 1098 4234 r.
1113 4180 1144 4232 ες
1165 4174 1327 4233 Pousinon..
1338 4175 1442 4229 doPlas.

438 4268 514 4335 psit,
531 4274 552 4326 1,
566 4270 602 4316 ³2.
629 4304 635 4316 ‚
678 4288 684 4298 ·

475 4346 819 4416 ‘inumatuumu

478 4440 575 4501 'litia
