3560 5544
869 761 909 778 -
929 730 969 797 ῃ
988 766 1029 781 ..

494 860 549 929 13·
572 856 648 951 Περὶ
667 864 724 925 τῶν
746 857 775 925 ἓν
794 859 948 930 Baebium
966 864 1049 957 ἱερῶν
1072 870 1330 958 γραμμάτων...
1350 875 1450 961 Diog,

449 976 653 1059 Laert.,1x,
671 980 726 1047 49.
743 974 856 1048 -bd
885 983 977 1051 hunc
1005 987 1201 1073 respexisse
1225 989 1390 1059 videntur
1418 997 1453 1060 et

451 1092 609 1161 Clemens
626 1094 895 1180 Alexandrinus,
918 1099 1065 1182 Strcm„
1081 1119 1107 1185 1,
1121 1123 1156 1190 p.
1175 1105 1252 1185 131,
1269 1105 1323 1173 ed.
1341 1106 1450 1192 Sylb:

451 1205 663 1299 «Δημόκριτος
681 1205 747 1282 τοὺς
774 1205 974 1294 baiulantem
999 1211 1103 1303 λόγους
1118 1213 1234 1288 ἠθικοὺς
1254 1222 1418 1296 πεποίηται,
1437 1246 1449 1274 ¹·

451 1332 486 1393 et
512 1326 695 1405 Eusebius,
713 1327 832 1418 Prcp.
854 1331 1019 1421 Docop„
1036 1350 1073 1415 rr,
1089 1336 1131 1402 l:
1160 1359 1175 1395 ι
1190 1332 1373 1425 Δημόκριτος
1387 1332 1453 1408 τοὺς

451 1435 651 1523 βκέυλωνίους
669 1438 772 1530 λόγους
787 1439 904 1518 ἠθικοὺς
918 1444 1091 1516 πεποιῆσθαι
1108 1445 1255 1538 λέγεται.»

497 1553 901 1648 14⁰Xipa162.-Diog‚
930 1565 1066 1645 baert„
1098 1584 1149 1647 nr,
1175 1567 1233 1634 49.
1257 1605 1302 1619 -
1323 1571 1451 1638 Casan-

453 1674 668 1743 bonushune
682 1675 818 1744 titulum
838 1678 874 1744 in
907 1676 1125 1749 Chirocioeta
1149 1685 1351 1751 mutandum
1377 1703 1453 1753 esse

454 1779 639 1862 censebat;
664 1779 793 1864 legitur
823 1784 915 1852 enim
940 1786 1030 1871 apud
1061 1787 1222 1869 Plinium,
1251 1807 1353 1871 ruuv,
1388 1793 1451 1858 17:

460 1920 473 1954 ι
499 1895 683 1963 Democriti
708 1902 801 1966 certe
832 1900 1051 1969 Chirocineta
1081 1920 1158 1971 esse
1187 1908 1337 1972 6666161.
1356 1931 1372 1966 »
1389 1906 1454 1975 Sed

456 2014 549 2079 recte
563 2012 800 2083 emendavisse
814 2016 951 2085 videtur
969 2016 1155 2087 Salmasius
1170 2020 1205 2087 in
1223 2018 1453 2102 ultroemetc,

456 2125 562 2195 erbis
571 2128 719 2196 Vitruvii
727 2131 859 2199 verbis:
878 2132 1021 2201 «Multas
1033 2134 1291 2215 resatteudens,
1304 2135 1456 2202 admiror

456 2245 560 2313 etiam
574 2245 760 2316 Democriti
771 2247 815 2316 de
831 2267 947 2327 rerum
963 2255 1090 2317 natura
1111 2249 1301 2331 volumina,
1327 2254 1361 2319 et
1378 2253 1454 2336 eJ'us

456 2365 741 2433 commentarium
753 2364 845 2452 quod
853 2365 1054 2436 inscribitur
1068 2362 1259 2453 χειρόκμητον
1271 2365 1327 2453 (ex
1336 2385 1453 2436 emou-

458 2478 596 2547 datione
613 2479 796 2568 Salmasii),
816 2481 936 2566 inquo
959 2483 1119 2551 utebatur
1138 2481 1289 2565 annulo;
1311 2482 1455 2566 signans

458 2614 539 2664 cera
552 2595 646 2663 molli
663 2615 742 2682 quae
771 2600 864 2665 esset
886 2602 1090 2684 expertus.»
1110 2599 1245 2684 Antiqui
1261 2598 1384 2677 critici,
1409 2599 1457 2664 ait

459 2712 654 2796 Menagius,
671 2712 758 2782 locis
777 2713 949 2784 dubiis'de
972 2715 1097 2801 quibus
1120 2716 1267 2801 amplius
1294 2732 1452 2802 quaeren-

459 2819 541 2889 dum
559 2823 666 2902 esset,
688 2824 748 2889 aut
769 2820 872 2889 etiam
899 2822 1106 2891 notabilibus
1136 2822 1334 2906 adigebant
1359 2821 1456 2890 frus·
1480 2829 1484 2835 '

460 2937 532 3005 tula
543 2954 587 3004 ex
598 2954 679 3004 cera
687 2988 781 3004 .....
802 2937 1018 3007 Democritus
1026 2937 1061 3005 in
1076 2957 1118 3006 eo
1128 2938 1375 3007 commentario
1389 2956 1456 3024 quo

460 3071 577 3122 rerum
590 3053 799 3122 naturalium
818 3072 945 3122 arcana
962 3060 997 3122 et
1024 3054 1140 3123 abdita
1169 3055 1400 3135 scrutabatur,
1414 3054 1458 3121 iis

443 3164 656 3257 paradoxis,
669 3187 747 3254 quae
761 3168 835 3255 ipse
856 3187 940 3236 vera
959 3172 1122 3254 expertus
1152 3173 1239 3246 erat,
1257 3171 1358 3236 notas
1381 3167 1458 3235 illas

459 3306 479 3354 e
496 3303 577 3355 cera
592 3283 902 3368 adfigeresolebat,
919 3287 953 3352 et
965 3285 1093 3353 annulo
1110 3284 1283 3368 signatas.
1300 3283 1456 3352 annulus

460 3405 574 3470 autern
589 3397 780 3488 χειρόκμητον
793 3399 982 3481 dicebatur,
998 3401 1063 3468 hoc
1078 3403 1130 3467 est
1150 3419 1255 3468 manu
1271 3399 1455 3485 sculptum,

460 3510 789 3585 manuelaboralum
797 3564 892 3581 .....
925 3515 1014 3582 Hinc
1039 3514 1147 3597 igitur
1170 3514 1257 3583 libro
1274 3513 1458 3582 Democriti

460 3631 589 3712 tituluS,
616 3630 707 3717 quod
728 3633 820 3699 totus
838 3634 930 3697 esset
951 3648 996 3698 ex
1011 3629 1079 3696 illis
1106 3629 1354 3714 quaestionibus
1371 3644 1456 3713 quas
1482 3656 1484 3661 ·

459 3751 534 3837 ipse
544 3748 779 3835 experimento
794 3763 981 3815 verasosse
996 3744 1163 3813 didicerat
1171 3748 1206 3813 et
1216 3746 1340 3831 quibus
1353 3764 1456 3832 prop·

460 3871 555 3935 terea
589 3864 724 3936 cerulas
752 3868 880 3935 annulo
916 3879 979 3931 suo
1010 3860 1167 3943 signatas
1208 3860 1456 3948 adposuerat.»

463 3980 642 4052 observat.
677 3981 716 4051 ire
730 3980 836 4073 Diop.
860 3982 1003 4062 Laert,
1018 3979 1075 4048 lib.
1092 3997 1147 4047 rx.
1164 4014 1209 4028 -
1231 3977 1311 4058 Sed,
1335 3979 1460 4044 utnon

456 4076 560 4167 'latuit
594 4099 806 4183 Monagium,
845 4098 983 4166 obstare
1014 4095 1175 4163 videntur
1197 4092 1298 4159 Plinii
1323 4090 1456 4158 verba:

463 4241 478 4276 «
504 4215 689 4283 Democriti
702 4219 795 4283 certe
808 4214 1028 4283 Chirocineta
1043 4228 1121 4280 esse
1137 4212 1285 4278 constat.
1295 4209 1338 4275 At
1351 4207 1388 4274 in
1405 4205 1460 4274 his

458 4330 515 4399 ille
524 4312 842 4416 posththagoram
850 4323 1459 4412 magorumstudiosissimus,quanto

459 4445 712 4535 portentosiora
728 4444 843 4512 tradit.
859 4468 874 4505 ι
893 4442 1097 4521 «Quomodo
1114 4439 1208 4509 enirn
1222 4442 1272 4507 tot
1291 4437 1459 4526 portentis
